1023 1631
867 73 978 111 Ἵ

519 140 541 155 86

156 191 255 208 electionem
263 192 386 208 consueverunt
394 196 423 208 seu
436 191 498 208 debent
510 192 579 212 assumi,
591 192 696 209 ordinacioni
704 192 720 208 et
728 192 837 213 disposicioni
845 192 903 209 nostre

156 222 175 235 ac
191 218 237 235 sedis
254 218 330 235 eiusdem
348 218 369 235 de
386 218 453 235 fratrum
470 219 566 235 nostrorum
584 219 656 235 consilio
671 219 687 235 et
704 219 797 240 apostolice
814 218 902 240 potestatis

156 244 261 266 plenitudine
272 249 381 265 reservamus,
397 245 478 261 universis
490 245 507 262 et
519 245 591 266 singulis
608 245 714 262 ecclesiarum
733 245 823 262 earundem
835 250 902 262 necnon

156 271 299 292 monasteriorum,
308 272 416 293 prioratuum,
425 271 501 288 ordinum
511 272 528 288 et
536 272 611 288 locorum
618 272 729 293 predictorum
737 272 819 293 capitulis,
825 272 902 293 collegiis

156 303 186 315 seu
198 298 308 315 conventibus
321 299 337 315 et
349 298 426 320 personis
436 298 473 315 aliis
485 299 620 320 quibuscumque
633 298 722 315 districtius
735 298 835 317 inhibentes.
847 303 869 315 ne
881 298 902 315 ad

156 325 228 346 aliquam
244 325 348 345 eiectionem,
360 325 497 341 nominationem
516 325 650 346 postulacionem
668 329 698 342 seu
715 325 831 347 provisionem
843 329 902 347 quaxn-

155 356 221 373 cunque
243 353 300 369 contra
317 352 448 369 reservacionem
467 353 541 369 nostram
559 352 656 368 huiusmodi
674 352 764 373 procedere
778 351 902 373 quoquomodo

156 379 252 400 presumant
264 384 283 395 ac
295 379 402 395 decernentes
414 379 444 395 etc*
457 391 461 395 t
474 391 477 395 .
490 392 493 394 .
506 379 606 400 attemptari.
629 379 674 395 Nulli
687 383 728 400 ergo
740 379 770 395 etc.

206 405 268 422 Datum
280 405 363 422 Avinione
376 405 431 422 idibus
443 405 528 422 Februarii
541 405 648 427 pontificatus
661 405 713 422 nostri
725 410 739 422 a.
752 405 832 422 secundo.

155 507 189 521 13⁴4
198 507 236 521 rein⁴
247 507 267 521 14.
508 481 540 501 34¹

154 529 188 543 COd⁴
198 529 213 543 Β,
222 529 245 543 fol⁴
256 530 329 543 lOflsslll.

244 574 354 595 Reservacio
368 574 460 600 generalis
474 575 493 593 in
507 574 574 594 Tuscia
589 575 607 593 et
621 575 721 600 provinciis
736 574 808 593 Tuscie.

297 605 386 625 Clemens
400 606 433 625 etc.
462 605 493 625 Ad
507 605 587 625 futuram
603 607 628 625 rei
643 606 759 625 memoriam.

207 645 322 662 Solicitudo
340 645 448 666 pastoralis
466 645 517 662 officii
535 645 618 662 solicitare
636 650 670 661 non
688 645 749 661 desinit
766 644 821 661 studia
839 645 899 661 mentis

154 672 215 692 nostre,
233 672 251 688 ut
268 672 317 688 statui
335 672 390 688 fidelis
406 671 469 693 populi,
487 671 561 693 desuper
577 676 615 688 cure
633 672 689 688 nostre
703 672 795 691 commissi,
813 671 900 692 providere

154 703 235 719 prospero
247 698 291 720 (sic),
304 699 383 719 quantum
396 698 446 715 nobis
458 703 478 714 ex
491 698 525 714 alto
537 698 644 719 permittitur,
657 703 764 719 procuremus
798 698 842 714 Sane
862 698 900 719 post

154 725 279 746 promocionem
293 726 366 741 nostram
379 725 399 741 ad
412 725 474 741 summi
486 725 591 746 apostolatus
604 725 668 746 apicem
681 725 702 741 ad
713 725 817 741 audienciam
826 725 899 741 nostram

154 752 238 773 perducto,
256 752 302 773 quod
320 751 340 768 tei
359 756 380 768 rei
398 751 485 768 Johannes
501 756 545 773 papa
560 752 607 768 XXII*
620 751 729 773 predecessor
740 752 798 768 noster
815 756 835 768 ex
851 752 900 768 certis

153 778 207 795 causis
220 778 349 795 racionabilibus
361 778 467 799 provisiones
483 779 559 795 omnium
575 778 716 799 patriarchalium,
733 778 899 799 archiepiscopalium

153 805 274 827 episcopalium
294 805 310 822 et
329 805 381 822 eciam
401 805 512 827 quarumlibet
533 805 639 822 ecclesiarum
657 805 782 826 collegiatarum
801 805 899 822 secularium

153 837 218 849 necnon
235 833 346 852 abbaciarum,
359 833 503 852 monasteriorum,
518 833 618 854 prioratuum
636 834 652 849 et
670 833 740 849 aliorum
760 837 899 853 quorumcunque

153 859 218 880 piorum
231 860 306 876 locorum
319 859 335 875 in
348 859 457 880 patriarchatu
469 859 569 880 Aquilegen⁴
582 864 648 875 necnon
659 859 773 875 Mediolanen.
786 859 898 877 Ravennaten.

152 886 217 902 Januen
232 887 248 902 et
260 886 315 902 Pisan.
328 886 417 907 provinciis
433 890 451 902 ac
469 886 521 902 eciarn
540 886 614 908 partibus
626 886 686 902 Tuscie
704 886 809 907 preterquam
825 885 846 902 de
858 886 899 907 ipsis

153 913 185 934 piis
203 913 244 929 locis
261 913 397 932 consistencium,
415 913 435 929 ad
454 917 487 933 que
505 913 564 934 prelati
582 913 705 929 consueverunt
723 917 753 929 seu
771 912 855 929 dehebant
871 917 900 934 per

152 940 250 956 electionem
269 939 336 958 assumi,
353 939 462 960 disposicioni
478 940 493 955 et
509 939 613 955 ordinationi
630 944 659 955 sue
676 944 694 956 ac
710 939 755 955 sedis
770 939 862 960 apostolice
878 939 899 955 de

152 966 218 982 iratrum
236 970 304 982 suorum
323 966 393 982 consilio
411 970 465 987 usque
483 966 503 982 ad
521 966 596 982 eiusdem
609 966 654 982 sedis
667 966 790 987 beneplacitum
803 966 899 982 auctoritate

152 993 244 1014 apostolica
257 993 350 1012 reservavit,
359 992 450 1009 decernens
462 993 523 1009 extunc
536 993 597 1008 irritum
605 993 634 1009 etc.
645 1005 647 1008 .
661 1005 664 1008 .
678 1005 681 1008 .
694 993 792 1013 attemptari.
813 992 898 1013 Quodque

152 1019 274 1040 subsequenter
286 1019 394 1040 predecessor
406 1019 442 1040 ipse
450 1019 498 1035 certis
511 1019 548 1035 aliis
563 1019 617 1035 causis
626 1020 642 1035 et
655 1019 749 1036 racionibus
762 1020 823 1038 motus,
836 1020 868 1035 tarn
882 1019 897 1035 in

152 1046 261 1067 patriarchatu
274 1047 289 1062 et
300 1046 413 1062 Mediolanen.
427 1045 517 1063 Ravennat.
530 1046 601 1062 januen.
614 1047 630 1062 et
642 1045 697 1062 Pisan.
709 1050 727 1062 ac
738 1046 812 1067 partibus
821 1046 898 1067 predictis

152 1077 202 1094 quam
218 1073 234 1089 in
250 1072 322 1089 Graden,
338 1072 427 1093 provinciis
443 1072 506 1088 similes
523 1073 647 1089 reservaciones
662 1073 749 1093 generales
766 1072 852 1089 biennales
868 1077 897 1088 seu

152 1099 252 1120 temporales
265 1104 302 1115 curn
315 1099 373 1115 similis
386 1099 515 1120 interposicione
528 1099 587 1115 decreti
600 1099 643 1118 iecit,
655 1104 688 1120 que
701 1104 730 1120 per
742 1104 779 1115 eum
792 1099 813 1115 de
829 1099 897 1115 biennio

151 1126 168 1142 in
184 1126 271 1142 biennium
290 1130 379 1147 prorogare
392 1130 445 1146 usque
463 1125 483 1141 ad
501 1130 550 1142 suurn
565 1126 629 1142 obitum
647 1127 663 1142 et
675 1127 713 1147 post
726 1126 777 1142 eciam
790 1130 820 1146 per
831 1126 897 1146 tempus

151 1152 219 1174 aliquod
234 1152 333 1169 duraverunt
350 1153 365 1168 et
378 1152 487 1168 nihilominus
503 1152 568 1168 interim
586 1152 634 1169 certis
652 1152 688 1168 aliis
701 1152 830 1168 racionabilibus
842 1152 897 1168 causis

151 1180 206 1195 motus
226 1179 287 1200 pariter
309 1180 325 1195 et
349 1179 432 1198 inductus,
452 1179 510 1200 plebes
532 1178 566 1200 [sic]
587 1183 606 1195 ac
624 1179 713 1200 collegiata
733 1180 749 1195 et
766 1179 798 1195 alia
815 1179 897 1195 beneficia

151 1206 262 1222 ecclesiastica
277 1205 365 1226 hospitalia
381 1207 397 1221 et
413 1206 440 1226 pia
453 1205 489 1222 loca
502 1210 603 1227 quecunque
616 1206 676 1222 Lucan,
689 1206 704 1222 et
716 1205 771 1222 Pisan.
784 1206 870 1222 civitatum
881 1206 897 1221 et

151 1232 223 1249 diocesis
241 1232 350 1253 eiusdemque
369 1232 439 1248 civitatis
459 1232 515 1248 Pisan.
535 1232 623 1251 districtus,
639 1232 702 1248 etiamsi
720 1232 762 1248 foret
778 1232 798 1248 de
813 1232 896 1248 Vulteran.

150 1259 224 1275 Massan.
237 1259 294 1275 Lunen
311 1259 326 1275 et
338 1258 435 1275 Grossetan.
452 1259 500 1278 dioc,
517 1264 549 1280 que
562 1259 582 1275 de
595 1259 687 1275 collacione
702 1259 823 1280 archiepiscopi
836 1258 896 1278 Pisan.,

151 1286 179 1307 qui
192 1286 217 1302 est
229 1290 259 1307 pro
271 1286 351 1306 tempore,
360 1290 394 1301 non
403 1286 481 1304 extarent,
494 1290 560 1302 necnon
568 1285 649 1302 beneiicia
658 1286 714 1302 omnia
723 1286 739 1302 et
750 1285 822 1306 singula,
831 1285 896 1301 etiamsi

149 1312 224 1333 [forent]
231 1312 325 1333 dignitates,
331 1313 430 1333 personatus
437 1313 453 1328 et
459 1312 514 1328 officia
521 1312 631 1333 regulariavel
639 1312 718 1328 secularia
725 1312 794 1328 civitatis
802 1313 817 1328 et
824 1312 896 1328 diocesis

149 1338 263 1355 Mediolanen.
276 1338 374 1359 Eodemque
386 1338 463 1355 „Iohanne
476 1343 520 1359 papa
532 1339 574 1355 sicut
583 1338 652 1355 domino
662 1339 722 1360 placuit
731 1339 796 1355 sublato
806 1338 826 1355 de
835 1338 895 1358 medio,

150 1366 182 1386 pie.
195 1370 226 1382 me.
243 1365 344 1382 Benedictus
364 1370 407 1386 papa
425 1365 457 1381 ΧΙΙ,
475 1365 585 1386 predecessor
603 1366 660 1382 noster
679 1365 699 1382 ad
718 1366 783 1382 culinen
802 1365 895 1386 apostolice

150 1392 235 1413 dignitatis
243 1393 345 1413 assumptus,
354 1391 492 1408 confirmaciones
501 1392 577 1408 omniurn
586 1392 692 1411 electionum,
700 1397 742 1413 quas
752 1392 772 1408 ad
781 1396 896 1413 quascumque

125 1539 249 1556 t—x
383 1527 560 1556 —k
567 1554 569 1556 ,
692 1540 828 1556 ἓ
