3720 5932
183 1396 252 1450 1324
270 1394 345 1464 Sept.
365 1395 406 1449 17.

182 1484 247 1554 Reg.
266 1484 327 1538 Vat.
346 1484 365 1537 t.
386 1482 437 1537 113
455 1481 501 1536 iol.
521 1481 553 1535 41
573 1478 601 1535 10
618 1477 654 1534 n⁰
671 1479 732 1534 331.

615 1631 792 1762 Capitulo
822 1658 975 1738 ecclesie
1003 1657 1229 1738 Olomucen.

283 1818 978 1897 AtteudentesecclesieOlomucen,
993 1819 1020 1884 si
1034 1812 1671 1902 nuncvacatvelquamprimumipsam

185 1946 298 1994 vacare
321 1929 506 2014 contigerit,
538 1928 579 1994 de
604 1930 737 2012 pastore
760 1926 895 2012 ydoneo
920 1926 1004 1991 sicut
1033 1943 1106 1990 eam
1131 1924 1310 2009 plurimum
1333 1921 1483 2006 indigere
1506 1918 1672 1984 credimus

186 2032 366 2119 providere,
391 2034 619 2118 provisionem
645 2032 795 2118 ejusdem
820 2031 959 2098 ecclesie
976 2031 1133 2096 duximus
1157 2048 1195 2095 ea
1218 2029 1290 2095 vice
1313 2026 1534 2113 disposicioni
1559 2026 1671 2091 nostre

185 2143 215 2207 et
238 2139 328 2207 sedis
353 2141 536 2226 apostolice
560 2139 804 2218 reservandam,
840 2139 937 2205 vobis
971 2141 1004 2204 et
1034 2137 1209 2222 quibusvis
1234 2135 1318 2214 aliis,
1352 2134 1393 2200 ad
1426 2152 1512 2218 quos
1544 2132 1671 2210 electio,

183 2247 370 2333 postulacio
398 2247 451 2314 vel
476 2247 625 2333 provisio
649 2247 793 2332 pastoris
818 2246 855 2329 in
880 2265 920 2312 ea
944 2244 1138 2330 preficiendi
1175 2243 1256 2309 alias
1292 2242 1454 2327 pertinere
1478 2239 1672 2318 dinoscitur,

182 2354 360 2421 districtius
400 2355 601 2432 inhibentes,
638 2372 680 2419 ne
720 2352 762 2418 ad
798 2353 1007 2431 electionem,
1049 2350 1316 2436 postulacionem
1353 2347 1404 2414 vel
1444 2347 1672 2432 provisionem

182 2461 375 2547 hujusmodi
415 2460 661 2546 quoquomodo
697 2458 876 2544 procedere
916 2458 1115 2544 presumatis
1146 2476 1183 2523 ac
1221 2456 1437 2522 decernentes
1477 2454 1601 2519 irritum
1642 2455 1674 2518 et

182 2567 292 2648 inane,
333 2569 360 2634 si
401 2586 498 2634 secus
538 2586 597 2653 per
634 2585 696 2633 vos
732 2570 788 2632 aut
827 2565 965 2651 quosvis
1005 2565 1089 2630 alios
1125 2567 1203 2649 post
1238 2563 1501 2629 reservacionem
1526 2563 1673 2626 nostram

182 2674 377 2765 hujusmodi
416 2675 558 2741 scienter
591 2674 644 2740 vel
680 2674 872 2759 ignoranter
908 2671 1165 2757 quomodolibet
1200 2670 1298 2737 luerit
1334 2671 1575 2753 attemptatum.
1622 2666 1673 2733 Ne

184 2784 294 2847 autem
318 2799 380 2848 vos
405 2784 461 2846 aut
486 2781 689 2866 quicumque
715 2780 769 2846 alii
810 2782 959 2865 pretextu
990 2778 1183 2863 ignorancie
1215 2776 1455 2843 reservacionis
1479 2772 1673 2860 hujusmodi

184 2886 225 2953 ad
250 2888 361 2973 aliqua
384 2888 582 2973 procedatis,
609 2887 884 2965 reservacionem,
911 2885 1151 2951 inhibicionem
1176 2887 1209 2950 et
1232 2884 1399 2949 decretum
1424 2885 1537 2948 nostra
1561 2881 1675 2967 hujus-

184 2994 275 3061 modi
299 2994 397 3060 vobis
422 2996 454 3060 et
477 2994 562 3075 aliis,
588 3012 729 3079 quorum
755 2994 901 3072 interest,
925 2995 1040 3058 tenore
1065 2992 1276 3076 presencium
1302 2990 1506 3055 intimamus.

287 3119 362 3185 Dat.
387 3117 554 3186 Avinione
577 3119 645 3184 XV.
670 3118 801 3184 kalend.
827 3117 983 3185 Octobris
1008 3135 1036 3182 a.
1062 3118 1195 3198 nono.¹)

245 3332 267 3401 1)
287 3331 318 3386 ct.
338 3331 360 3386 J.
379 3331 476 3397 Emler,
496 3331 611 3403 Regesta
629 3331 777 3385 Bobemiae
797 3331 823 3385 et
841 3331 980 3385 Moraviae
998 3329 1038 3394 Ill,
1057 3329 1110 3384 394
1129 3325 1165 3382 n⁰
1186 3327 1261 3382 1009.
1282 3326 1374 3396 (Extr.)

339 3421 439 3487 Dudik,
458 3421 509 3475 Iter
527 3421 676 3481 Romanum
695 3419 712 3485 I,
732 3415 881 3475 9311077.
919 3418 1013 3488 (Extr.)

912 3703 947 3783 2.

187 3830 255 3885 1324
275 3829 349 3901 Sept
368 3830 411 3886 22.

186 3918 251 3990 Reg.
271 3918 332 3974 Vat.
352 3920 369 3975 l.
389 3935 411 3974 c.
430 3917 466 3973 n⁰
483 3918 544 3974 332.

616 4094 706 4199 Regi
734 4094 891 4174 Boemie
920 4091 961 4196 (i.
984 4117 1014 4171 e.
1036 4091 1242 4186 Jobanni).

286 4251 1674 4342 Regalisexcellencielitteras,perquasvacarenobisOlomucen.ecclesiam

186 4365 411 4443 innotescens,
424 4364 608 4448 provisioni
622 4365 734 4428 nostre
748 4364 780 4426 et
793 4361 883 4427 sedis
897 4360 1081 4446 apostolice
1102 4359 1259 4425 reservari
1278 4356 1429 4443 ejusdem
1448 4359 1676 4443 provisionem

186 4471 325 4537 ecclesie
349 4471 484 4556 petiisti,
510 4470 607 4536 solita
631 4468 837 4553 benignitate
854 4467 1041 4552 recepimus
1063 4469 1095 4533 et
1118 4468 1274 4532 contenta
1302 4466 1335 4531 in
1364 4465 1413 4531 eis
1442 4464 1677 4546 intelleximus,

186 4575 363 4662 diligenter
397 4577 549 4643 volentes
585 4575 917 4659 circumspectionem
953 4574 1079 4659 regiam
1117 4591 1185 4639 non
1210 4573 1320 4652 latere,
1357 4571 1460 4658 quod,
1496 4575 1676 4657 antequam

187 4685 455 4768 presentarentur
479 4683 565 4749 dicte
597 4683 701 4748 littere
732 4684 914 4747 memorate
946 4681 1096 4759 ecclesie,
1128 4680 1306 4746 vacacione
1334 4678 1447 4746 audita
1476 4679 1677 4746 duxeramus

187 4788 409 4874 disposicioni
438 4792 551 4855 nostre
583 4790 615 4854 et
643 4789 733 4854 sedis
758 4786 909 4874 ejusdem
927 4805 966 4852 ea
991 4788 1062 4854 vice
1087 4787 1207 4853 dictam
1232 4786 1407 4852 ecclesiam
1431 4784 1677 4866 reservandam,

187 4913 392 4981 quamquam
417 4914 485 4961 non
511 4895 716 4961 intendimus
742 4895 848 4980 ipsius
873 4894 1102 4979 provisionem
1127 4893 1266 4959 ecclesie
1288 4893 1456 4958 festinare.

289 5020 365 5086 Dat.
391 5019 556 5085 Avinione
580 5019 618 5084 X.
644 5018 775 5085 kalend.
801 5016 959 5084 Octobris
984 5037 1012 5083 a.
1038 5015 1171 5103 non0.¹)

251 5234 271 5300 ¹)
291 5232 324 5287 ci.
344 5232 433 5285 Emler
452 5232 467 5285 l.
488 5247 510 5286 c.
530 5228 566 5285 11⁰
586 5230 667 5294 1011;
687 5229 780 5300 (Extr.)

341 5321 434 5376 Dudilr
452 5323 469 5376 l.
494 5336 516 5375 c.
536 5318 571 5374 n⁰
588 5320 637 5384 78;
657 5318 749 5388 (Extr.)
