3720 5932
909 304 951 362 25

181 511 337 577 Bonifatii
365 509 442 574 Vlll.
482 511 574 576 erant
614 508 722 575 adhuc
751 510 784 574 in
816 510 917 595 pleno
948 511 1076 596 vigore,
1112 528 1213 594 quare
1249 511 1378 595 optimo
1408 510 1477 575 iure
1510 510 1676 594 praefatus

180 617 353 683 lohannes
376 615 469 681 XXII.
499 614 540 681 ad
570 616 661 701 ipsas
702 616 797 682 initio
827 616 879 682 sui
916 617 1130 701 pontificatus
1160 618 1361 701 provocavit,
1387 618 1566 700 antequam
1603 617 1677 701 ipse

181 723 381 809 legislatoris
407 740 530 788 munus
554 725 728 789 exerceret.

288 828 353 896 Sed
373 830 438 895 iam
463 831 553 895 octo
579 828 666 895 dies
691 827 792 913 (1316
817 829 908 916 Sept.
929 830 994 916 15.)
1005 830 1029 916 ¹)
1054 833 1132 915 post
1155 848 1236 895 suae
1261 829 1488 895 coronationis
1513 829 1676 895 solemnia

181 937 366 1004 Gaucelino
398 955 459 1002 suo
491 936 760 1002 vicecancellario
797 936 977 1015 mandavit,
1014 939 1049 1002 ut
1084 937 1117 1003 in
1154 937 1347 1021 scripturam
1384 934 1547 1019 redigeret
1582 953 1676 1001 suam

180 1043 406 1122 voluntatem,
454 1061 521 1127 qua
570 1043 720 1119 ,omnia
767 1043 963 1110 beneficia
1010 1043 1299 1123 ecclesiastica,
1348 1061 1433 1128 quae
1479 1042 1599 1107 fuerint
1646 1045 1678 1108 et

181 1169 396 1235 quocumque
432 1144 570 1216 nomine
605 1152 813 1229 censeantur,
850 1151 1042 1234 ubicunque
1077 1170 1115 1218 ea
1158 1169 1271 1217 vacare
1307 1150 1483 1233 contigerit
1518 1152 1678 1234 propter

180 1257 497 1343 acceptationem
530 1256 710 1322 alterius
741 1257 949 1323 beneficii
979 1260 1146 1343 praetextu
1173 1259 1297 1342 gratiae
1326 1258 1368 1322 ab
1392 1256 1512 1322 eodem
1538 1256 1677 1321 domino

181 1362 239 1448 (sc.
264 1362 434 1448 lohanne)
459 1363 563 1429 factae
587 1362 639 1428 vel
673 1363 846 1429 faciendae
881 1364 1059 1448 acceptati“
1099 1382 1192 1430 suae
1217 1366 1253 1430 et
1278 1362 1393 1429 Sedis
1417 1361 1677 1447 apostolicae

182 1470 395 1536 collationi
409 1470 596 1536 reservavit.
622 1468 699 1549 Qua
712 1469 882 1536 voluntate
892 1471 924 1534 in
934 1470 1128 1536 cancellaria
1140 1489 1201 1536 sua
1211 1488 1377 1556 expressa,
1392 1471 1457 1535 iam
1467 1471 1508 1535 ab
1519 1470 1614 1535 initio
1626 1471 1676 1536 sui

183 1576 397 1662 pontificatus
411 1576 598 1661 praedictus
612 1576 783 1649 Romanus
796 1574 950 1642 Pontifex
966 1577 1128 1642 ambitum
1150 1578 1410 1643 reservationurn
1430 1576 1676 1661 generalium

183 1683 353 1748 multum
378 1683 549 1768 ampliavit
572 1685 605 1748 et
629 1683 662 1747 in
688 1682 805 1748 eadem
829 1683 882 1748 via
907 1682 1008 1767 paulo
1033 1687 1110 1768 post
1133 1683 1269 1769 longius
1294 1701 1492 1768 progressus
1517 1685 1577 1748 est.

293 1789 405 1854 Primo
422 1789 496 1855 loco
514 1788 720 1854 nominanda
742 1791 793 1854 est
813 1789 1007 1855 constitutio
1032 1790 1105 1867 ,Ex
1129 1790 1322 1874 debito“²)
1352 1808 1448 1874 quae,
1473 1791 1508 1854 ut
1524 1789 1678 1855 Pontifex

187 1897 259 1981 ipse
290 1895 475 1973 confitetur,
511 1895 612 1980 paulo
637 1897 714 1980 post
750 1913 830 1960 suae
868 1897 1091 1982 promotionis
1127 1896 1336 1982 exordium3)
1373 1896 1581 1981 promulgata
1617 1899 1676 1962 est.

290 2002 330 2067 Vi
370 2001 472 2067 officii
513 2001 689 2086 pastoralis
729 2019 776 2067 ex
813 2002 894 2068 alto
934 2003 998 2069 sibi
1033 2003 1185 2070 concessi
1218 2002 1360 2069 intendit
1387 2003 1560 2068 lohannes
1583 2003 1677 2068 XXll.

187 2108 340 2194 periculis
399 2109 582 2173 animarum
636 2126 768 2174 necnon
815 2109 1028 2175 ecclesiarum
1075 2128 1113 2176 ac
1160 2109 1438 2175 monasteriorum
1490 2107 1678 2193 dispendiis

184 2233 362 2294 occurrere,
393 2232 479 2300 quae
514 2213 598 2299 ipsis
623 2233 663 2280 ex
687 2214 825 2281 diutinis
848 2216 1081 2282 vacationibus
1116 2216 1323 2300 frequentius
1360 2216 1534 2300 provenire
1569 2215 1679 2281 solent

184 2324 225 2400 et,
251 2323 287 2386 ut
311 2322 450 2406 insuper
474 2321 673 2406 principatui
698 2320 870 2394 Romanae
895 2321 1063 2389 Ecclesiae
1094 2341 1134 2387 ex
1163 2321 1275 2387 divina
1312 2322 1504 2407 provisione
1539 2322 1678 2387 obtento

187 2429 315 2505 ,honor
339 2427 472 2493 debitus
497 2427 738 2512 impendatur‚“
770 2428 919 2494 animum
944 2427 1084 2495 advertit
1109 2427 1149 2494 ad
1179 2428 1386 2514 supradictas
1422 2429 1678 2494 constitutiones

184 2555 202 2602 a
233 2535 402 2602 Bonifatio
433 2535 510 2600 Vlll.
547 2537 579 2600 et
610 2533 784 2601 Clemente
814 2534 852 2601 V.
886 2535 992 2601 editas
1031 2536 1115 2601 circa
1154 2535 1380 2620 generalem
1421 2536 1677 2601 reservationem

184 2642 423 2708 beneficiorum
442 2640 544 2727 apud
569 2641 710 2708 Sedem
732 2640 1007 2727 Apostolicam
1025 2642 1225 2720 vacantium,
1243 2660 1283 2707 ex
1299 2642 1409 2707 causis
1427 2642 1679 2708 rationabilibus

185 2750 217 2813 et
252 2748 293 2813 de
329 2747 559 2813 Cardinalium
600 2748 741 2814 consilio
785 2749 965 2825 ,nonnulla
1005 2747 1222 2826 detrahend0,
1263 2748 1373 2832 aliqua
1413 2748 1612 2814 declarando
1648 2750 1680 2814 et

187 2854 377 2939 quaedam
403 2853 585 2920 addendo
611 2854 656 2920 de
681 2862 817 2921 novo“.
864 2854 1030 2922 Processit
1054 2855 1143 2920 enim
1159 2854 1332 2920 lohannes
1349 2855 1440 2919 XXll.
1468 2854 1679 2920 extendendo

187 2962 426 3028 reservationes
464 2963 638 3046 generales
678 2963 743 3028 iam
784 2962 920 3028 ulterius
961 2981 1061 3046 quam
1097 2960 1371 3046 praedecessores
1408 2962 1469 3026 sui.
1531 2962 1679 3026 Primum

188 3068 362 3134 reservavit
373 3087 442 3153 pro
455 3071 632 3154 tempore
645 3070 704 3134 sul
719 3069 982 3154 pontificatus
996 3067 1368 3153 omnespatriarchales,
1379 3067 1679 3152 archiepiscopales

188 3177 220 3240 et
258 3174 461 3261 episcopalis
501 3174 610 3255 sedes,
650 3176 852 3241 monasteria
892 3177 924 3240 et
963 3175 1120 3241 ecclesias
1145 3174 1324 3259 regulares,
1358 3175 1534 3258 prioratus,
1560 3175 1679 3252 officia,

188 3281 504 3359 administrationes,
564 3282 753 3367 dignitates,
812 3284 1022 3365 personatus,
1081 3281 1291 3365 praebendas
1338 3282 1470 3365 aliaque
1517 3281 1680 3346 beneficia

187 3387 408 3454 ecclesiastica
444 3407 470 3453 c.
503 3407 579 3453 cura
614 3389 666 3454 vel
691 3408 717 3454 s.
742 3406 818 3454 cura
844 3388 946 3472 apud
983 3387 1124 3453 Sedem
1149 3387 1428 3473 Apostolfcam
1453 3388 1603 3453 vacantia
1626 3388 1678 3452 vel

186 3497 349 3560 vacatura.

288 3600 420 3667 Deinde
451 3604 579 3687 praeter
614 3605 752 3668 mortem
790 3603 823 3667 in
860 3600 959 3666 Curia
995 3602 1079 3667 inter
1113 3601 1387 3673 Reservationum
1413 3600 1679 3685 Apostolicarum

186 3725 304 3774 causas
351 3711 564 3775 recensentur
610 3708 818 3794 depositio
865 3727 903 3775 ac
950 3709 1122 3794 privatio
1163 3707 1465 3785 beneficiorum,
1505 3708 1679 3773 cassatio

187 3814 452 3894 electIonum,
478 3815 655 3902 repulsio
692 3815 1030 3900 postulationum,
1059 3815 1313 3880 renunciatio
1343 3832 1392 3880 sc.
1422 3815 1462 3879 in
1499 3815 1680 3880 manibus

186 3919 417 4000 Pontificis,
447 3922 736 3988 beneficiorum
769 3922 925 3988 vacatio
959 3939 1026 4005 per
1050 3921 1337 4006 provisionem,
1371 3920 1680 3987 translationem

187 4026 251 4092 vel
298 4019 604 4112 susceptionem
640 4028 813 4093 muneris
861 4028 1178 4094 consecrationis
1217 4026 1281 4092 vel
1321 4026 1622 4093 benedictionis
1662 4046 1681 4093 a

188 4131 394 4200 Clemente
418 4133 456 4199 V.
481 4133 543 4198 vel
568 4135 616 4199 ab
641 4134 730 4218 ipso
756 4135 957 4218 promotis
982 4134 1164 4218 impensi,
1190 4134 1223 4198 in
1248 4134 1409 4217 quantum
1428 4132 1469 4198 de
1487 4133 1680 4199 huiusmodi

188 4239 361 4306 beneficiis
386 4259 404 4306 a
429 4258 491 4305 suo
517 4239 773 4324 praedecessore
798 4258 905 4323 usque
941 4239 1050 4306 adhuc
1085 4258 1153 4305 non
1186 4242 1254 4304 erat
1290 4239 1502 4325 dispositum.
1550 4240 1681 4306 Deinde

192 4346 300 4432 ,apud
326 4346 448 4412 Sedem
473 4347 721 4432 Apostolicam“
760 4365 800 4410 ex
835 4348 913 4412 tunc
948 4347 1312 4412 censebantunvacare
1346 4365 1465 4412 omnes
1501 4346 1681 4431 dignitates

188 4453 287 4518 etiam
321 4454 541 4538 episcopales,
579 4452 748 4531 ecclesiae,
785 4453 986 4518 monasteria
1023 4455 1054 4518 et
1086 4453 1150 4518 alia
1185 4452 1351 4536 praedicta
1388 4453 1560 4530 beneficia,
1597 4472 1682 4538 quae

189 4557 423 4626 Cardinales
448 4563 598 4646 tempore
623 4560 738 4625 mortis
763 4560 833 4625 sive
859 4560 896 4624 in
914 4559 1015 4626 Curia
1040 4561 1123 4625 sive
1148 4561 1256 4624 extra
1272 4559 1450 4624 incidentis
1474 4561 1681 4625 obtinebant.

189 4663 279 4729 ldem
319 4664 497 4732 dicendum
535 4669 585 4732 est
623 4664 665 4731 de
702 4665 920 4750 dignitatibus
961 4669 993 4733 et
1028 4666 1200 4732 beneficiis
1237 4667 1443 4750 quibuslibet
1490 4666 1681 4731 officialium

252 4876 274 4943 1)
294 4876 374 4941 Erler,
394 4876 449 4930 Der
468 4877 546 4929 Liber
565 4877 746 4932 cancellariae
764 4876 938 4946 Apostolicae
957 4893 1021 4931 vom
1040 4878 1119 4931 lahre
1141 4877 1209 4932 1380
1227 4893 1253 4946 p.
1275 4877 1332 4931 167.

252 4964 274 5033 ²)
296 4988 327 5010 =
348 4981 369 5018 c.
389 4966 414 5018 4.
435 4968 460 5018 in
481 4966 586 5020 Extrav.
607 4966 712 5020 Comm.
733 4966 749 5020 Ι,
769 4966 794 5020 3.

297 5053 365 5108 Cod.
385 5053 414 5106 B.
434 5069 461 5122 p.
481 5052 595 5108 65-67.

298 5141 365 5196 Cod.
386 5143 418 5196 V.
438 5159 464 5211 p.
484 5143 526 5197 68.

296 5231 358 5285 Vidi
379 5231 609 5285 Commentarium
629 5235 656 5285 in
676 5234 728 5286 hoc
747 5236 827 5302 caput
846 5233 874 5286 P.
896 5233 936 5285 Vl.
958 5231 992 5285 n⁰
1010 5232 1034 5285 3.

253 5320 275 5388 ³)
296 5320 360 5391 Reg.
380 5321 467 5375 Aven.
487 5322 504 5374 t.
528 5321 567 5373 15.
588 5336 613 5389 p.
638 5321 696 5376 187.
