1023 1631
531 151 551 166 62

170 203 260 224 provinciis
272 202 378 224 supradictis,
390 201 410 219 ad
424 206 466 223 quas
478 203 504 220 vel
517 202 538 219 ad
550 207 593 224 quos
605 207 635 219 seu
644 207 677 223 que
689 201 747 223 prelati
755 202 878 219 consueverunt
886 205 916 218 seu

170 229 232 246 debent
246 233 275 251 per
286 229 385 246 eiectionem
400 229 463 245 assumi
478 233 524 245 nunc
537 229 634 250 ubicunque
647 229 744 245 vacandum
759 229 776 245 et
789 233 822 250 que
836 228 917 250 deinceps

169 260 227 273 vacare
245 256 333 277 contigerit
348 255 458 277 disposicioni
474 256 491 272 et
506 255 608 272 ordinationi
624 255 680 272 nostre
696 255 712 272 et
727 255 773 272 sedis
788 255 881 276 apostolice
896 255 917 271 de

169 282 236 299 fratrum
256 283 350 299 nostrorum
371 282 442 298 consilio
464 286 519 303 usque
539 282 560 298 ad
583 282 660 298 eiusdem
683 282 729 298 sedis
751 281 876 303 beneplacitum
896 281 917 298 de

170 309 263 330 apostolice
280 308 368 330 potestatis
380 308 484 329 plenitudine
496 313 606 328 reservamus.
619 308 715 325 auctoritate
727 308 820 330 apostolica
834 308 917 325 universis

170 335 282 355 ecclesiarum,
300 335 412 355 abbaciarum,
433 335 579 355 monasteriorum,
599 335 701 356 prioratuum
719 335 735 351 et
753 335 823 351 aliorum
842 335 916 351 locorum

170 362 318 379 ecclesiasticorum
331 362 444 383 quorumlibet
456 362 574 383 predictorum,
586 362 669 383 capitulis,
685 362 766 383 collegiis,
779 362 889 378 conventibus
901 362 918 378 et

170 389 247 410 personis
267 388 356 405 districtius
380 388 480 408 inhibentes,
504 393 526 405 ne
550 389 566 405 in
590 388 653 405 eisdem
677 388 698 405 ad
720 388 793 409 aliquam
812 388 917 408 electionem,

170 415 312 435 nominacionem,
326 415 460 436 postulacionem
475 420 504 432 seu
521 415 635 436 provisionem
653 419 777 436 quamcunque,
795 419 832 431 cum
850 415 917 436 tempus

170 442 265 459 vacacionis
284 442 364 463 ingruerit
378 442 405 458 vel
425 442 445 458 ad
464 446 539 463 presensy
559 442 573 458 si
588 441 657 458 forsitan
672 446 717 458 nunc
729 442 815 458 immineat
827 441 918 462 procedere

171 468 293 490 quoquomodo
315 469 412 490 presumant
433 469 497 490 absque
521 468 566 485 sedis
590 468 666 485 eiusdem
692 468 788 485 auctoritate
810 468 826 484 et
848 468 918 484 licencia

170 495 244 516 speciali.
267 495 303 512 Nos
321 495 365 512 enim
384 495 446 511 irritum
462 495 568 511 decemimus
582 495 598 511 et
616 495 671 514 inane,
689 495 771 516 quidquid
789 495 846 511 contra
866 499 917 511 reser-

170 522 257 539 vacionem
270 522 286 538 et
300 522 420 538 inhibicionem
436 522 501 538 nostras
519 521 616 538 huiusmodi
628 526 637 538 a
649 521 727 543 predictis
743 521 825 543 capitulis,
841 521 917 542 collegiis

170 549 281 566 conventibus
294 549 310 565 et
324 548 361 565 aliis
379 548 508 569 quibuscunque
527 548 604 569 personis
622 548 681 569 quavis
700 548 796 564 auctoritate
808 548 879 564 scienter
890 548 917 564 vel

170 575 267 596 ignoranter
278 575 366 596 contigerit
378 575 476 596 attemptari.
500 575 546 592 Nulli
558 579 598 596 ergo
611 576 640 591 etc.

222 606 260 623 Dat,
272 606 355 622 Avinione
367 606 391 622 111.
404 606 435 623 kal,
447 605 519 627 Augusti
532 611 546 622 a.
559 606 629 626 sextofi)

203 681 214 698 ¹)
223 681 304 699 Raynaldus,
310 681 370 695 Annales
377 681 411 694 Eccl.
419 682 427 694 t.
435 681 462 694 XV.
469 681 486 694 ad
493 685 504 694 a.
514 681 547 694 1322
557 681 608 698 partem
614 681 665 694 tanturn
676 681 716 694 liuius
726 680 825 694 constitutionis
835 680 891 694 exhibet
898 684 916 694 sc.

171 707 178 717 a
188 704 233 717 verbis
244 704 265 719 ,in
275 703 371 720 patriarchatu·
383 707 426 720 usque
436 703 452 717 ad
464 704 568 719 ‚reservamus'

202 730 213 748 ¹)
223 731 274 744 variis
283 731 358 744 noscitur
368 730 496 743 discriminibus
506 738 524 739 j
534 730 566 747 neg.
577 730 606 743 Vae.

202 757 214 774 ε)
224 757 280 770 {sciente
297 764 302 766 Α
317 757 349 774 neg.
359 757 389 770 vm.
400 757 407 770 1.
417 760 428 770 c.
439 757 456 770 nv
465 757 486 770 74<
497 764 512 766 -
524 757 556 774 neg.
566 756 595 770 vm.
606 756 613 770 ι.
624 760 634 770 c.
644 756 662 770 nu
672 756 695 772 74;
705 756 740 770 eod.
751 756 766 770 v.

224 779 291 793 favente
300 787 318 788 ἡ
327 779 359 796 neg.
370 779 399 792 vm⁴
410 779 417 792 ι.
428 783 438 792 c.
448 779 466 792 nv
475 779 496 792 95.

202 805 215 824 ⁴)
225 806 269 820 deest:
280 806 312 824 Reg⁴
322 806 352 820 νει

203 834 215 851 ⁵)
225 833 259 847 coa
269 833 285 847 v.
295 834 325 847 sine
334 833 361 847 die.

174 958 207 971 rana
217 958 252 975 Aug<
262 958 274 971 5.

172 980 205 998 ηις,
215 980 244 993 Val.
254 980 263 993 i.
274 980 298 994 111
309 980 331 994 iol.
341 980 367 994 392
377 980 394 994 1¹⁰
405 980 442 994 1634,

379 1037 410 1057 Ad
425 1039 534 1063 perpetuam
550 1039 574 1057 rei
589 1039 705 1057 memoriam.

226 1077 303 1094 Dudum
318 1078 340 1094 ad
353 1078 425 1094 statum
438 1078 511 1099 parcium
525 1077 624 1094 Lombardie
636 1077 737 1099 disponente
750 1078 819 1094 domino
832 1078 919 1094 salubriter

173 1104 279 1125 dirigendum
292 1105 407 1121 convertentes
420 1104 474 1120 studia
486 1105 548 1121 mentis
560 1105 621 1124 nostre,
633 1109 693 1121 omnes
705 1105 721 1121 et
730 1104 804 1125 singulas
817 1104 918 1121 cathedrales

173 1131 189 1147 et
197 1131 294 1152 collegiatas
304 1131 387 1150 ecclesias,
396 1131 478 1147 seculares
487 1131 503 1147 et
511 1131 596 1152 regulares
605 1131 621 1147 in
630 1131 678 1147 certis
686 1131 780 1147 civitatibus
789 1131 804 1147 et
812 1130 918 1147 dioecesibus

173 1162 193 1174 ac
204 1157 295 1178 provinciis
311 1158 431 1174 conscistentes
449 1157 495 1179 (εἰεί)
514 1162 533 1174 ex
549 1159 588 1174 tunc
601 1162 654 1179 iisque
666 1158 686 1174 ad
700 1157 785 1174 biennium
798 1158 888 1176 vacaturas,
902 1158 919 1173 ut

174 1184 198 1200 eis
210 1188 240 1205 per
251 1184 374 1205 providenciam
388 1184 433 1200 sedis
445 1185 538 1205 apostolice
551 1184 571 1200 de
586 1184 680 1205 pastoribus
695 1185 710 1200 et
725 1184 791 1204 prelatis
806 1184 919 1204 provideretur

173 1210 245 1232 ydoneis
263 1211 319 1227 sancte
333 1210 408 1229 Romane
426 1211 494 1227 ecclesie
512 1211 591 1227 fidelibus
610 1212 625 1227 et
640 1211 705 1227 devotis
718 1210 812 1226 auctoritate
827 1210 918 1231 apostolica

174 1238 282 1257 reservantes,
295 1237 398 1254 decrevimus
410 1238 471 1254 irritum
480 1238 510 1254 etc,
521 1250 524 1254 .
534 1250 537 1254 .
547 1250 549 1253 .
563 1237 661 1258 attemptari.
685 1237 729 1253 Sane
742 1237 781 1258 quia
793 1237 848 1253 forsan
861 1238 919 1258 posset

174 1264 191 1280 in
209 1263 279 1280 dubium
297 1264 374 1283 revocari,
391 1264 412 1280 ad
430 1269 472 1285 quas
491 1264 589 1285 collegiatas
607 1264 685 1280 ecclesias
704 1263 776 1285 predicta
794 1264 883 1280 reservatio
901 1268 918 1280 se

175 1290 256 1307 extendat*
280 1290 316 1307 Nos
328 1295 396 1309 ornnem
412 1291 525 1307 dubitacionis
537 1291 622 1307 materiam
635 1295 686 1311 super
697 1291 729 1306 hoc
741 1291 826 1311 amputare
839 1290 919 1309 volentes,

174 1317 305 1334 reservacionern
320 1317 390 1334 eandem
403 1317 424 1334 ad
439 1317 542 1334 cathedrales
554 1318 570 1333 et
582 1317 676 1333 abbaciales
692 1317 770 1333 ecclesias
783 1321 801 1333 ac
814 1317 919 1336 monasteria,

175 1348 204 1365 per
216 1344 285 1360 abbates
297 1344 346 1360 solita
354 1344 449 1365 gubernari,
461 1344 547 1360 dumtaxat
555 1345 613 1360 tenore
622 1344 725 1365 presencium
735 1344 838 1360 declaramus
847 1343 919 1359 extendi,

175 1370 220 1387 Nulli
232 1375 272 1392 ergo
285 1371 315 1387 etc.

228 1401 265 1418 Dat.
278 1401 361 1418 Avinione
374 1406 413 1418 non.
426 1402 496 1423 Augusti
510 1406 524 1418 a.
538 1402 615 1423 septimo<
