3720 5932
911 324 953 383 23

290 529 447 615 Denique
480 549 549 596 non
575 548 860 616 supervacaneum
900 549 975 597 esse
1011 531 1149 597 arbitror
1183 531 1368 616 generatim
1405 530 1677 610 animadvertere,

174 637 396 726 ,Clementem
457 636 655 703 Pontificem
717 637 855 703 minime
916 638 1059 723 fugisse,
1122 637 1213 723 quod
1259 638 1325 703 iam
1394 639 1436 704 ab
1484 638 1579 704 initio
1627 637 1678 703 sui

187 744 401 830 pontificatus
433 745 597 811 nimium
634 743 828 810 indulsisset
859 745 1051 830 petentibus
1087 746 1128 811 ab
1165 745 1240 830 ipso
1271 745 1395 830 gratias
1426 745 1678 830 exspectativas.

186 851 296 917 Huius
332 851 376 917 rei
409 852 640 917 testimonium
666 852 746 916 satis
770 851 893 917 clarum
919 851 1077 917 exhibent
1101 849 1269 938 Litterae1)
1304 850 1358 916 die
1385 851 1438 916 26.
1467 851 1563 917 Mart.
1595 851 1679 916 1310

185 955 360 1024 Avenione
394 958 602 1044 conscriptae
641 956 682 1023 ad
718 959 893 1023 universos
929 958 1200 1043 archiepiscopos
1236 961 1268 1024 et
1303 959 1494 1043 episcopos,
1528 956 1677 1037 abbates,

186 1065 323 1149 priores
359 1063 517 1144 decanos,
554 1063 806 1130 archidiaconos
831 1067 863 1130 et
887 1065 972 1131 alios
1003 1065 1215 1131 ecclesiarum
1240 1068 1307 1130 tam
1333 1065 1551 1131 saecularium
1577 1082 1677 1150 quam

185 1171 385 1256 regularium
422 1171 589 1257 praelatos
625 1173 657 1236 et
680 1171 825 1255 capitula
853 1174 885 1237 et
915 1174 1101 1238 conventus
1140 1171 1246 1237 inira
1286 1189 1445 1257 regnum
1486 1171 1511 1237 F
1519 1171 1677 1237 ranciae

184 1279 434 1344 constitutos
459 1277 592 1343 missae.

289 1384 423 1465 Quibus
444 1385 478 1449 in
496 1384 625 1450 Litteris
642 1382 794 1449 Pontiiex
819 1384 929 1469 palam
953 1385 1139 1464 confitetur,
1164 1403 1200 1450 se
1224 1383 1266 1450 ad
1287 1384 1466 1449 multorum
1489 1384 1676 1470 principum

183 1495 215 1558 et
239 1492 458 1576 praelatorum
485 1493 517 1556 et
533 1491 674 1557 aliorum
699 1489 998 1557 ecclesiasticorum
1023 1494 1062 1557 et'
1080 1491 1297 1557 saecularium
1322 1491 1466 1556 virorum
1484 1491 1675 1556 instantiam

184 1616 316 1664 necnon
346 1596 481 1683 speciali
511 1597 686 1663 allectione
712 1596 753 1662 ad
777 1615 941 1682 personas
965 1599 1059 1683 regni
1083 1598 1218 1664 Franci
1227 1617 1284 1678 ae,
1320 1596 1362 1663 de
1387 1616 1453 1683 quo
1478 1599 1551 1683 ipse
1580 1599 1677 1663 traxit

184 1705 359 1789 originem,
406 1703 541 1770 ductum
588 1704 742 1788 personis
789 1704 1044 1789 quampluribus
1079 1703 1121 1770 de
1156 1704 1417 1784 canonicatibus,
1465 1702 1675 1789 praebendis,

184 1809 417 1895 dignitatibus
466 1810 700 1896 personatibus
747 1810 889 1896 aliisque
939 1810 1059 1876 oiiiciis
1102 1811 1335 1877 ecclesiasticis
1373 1813 1452 1876 tunc
1498 1810 1675 1895 proxime

184 1919 386 1984 vacaturis
410 1917 529 1983 etiam
554 1916 654 1982 ultra
678 1917 904 1984 voluntatis
926 1935 1019 1984 suae
1040 1918 1290 2003 propositum
1308 1916 1506 2003 providisse.
1553 1916 1675 1983 Postea

183 2042 260 2090 vero
278 2043 296 2090 a
313 2024 533 2090 concessione
556 2023 714 2089 similium
739 2024 918 2109 gratiarum
947 2026 1001 2102 „ut
1024 2025 1288 2109 exspectantium
1313 2042 1472 2090 numerus
1496 2024 1530 2088 in
1546 2022 1673 2089 eisdem

183 2149 252 2196 non
299 2131 571 2216 multiplicaretur
608 2129 790 2209 ecclesiis“,
836 2148 947 2215 neque
993 2131 1131 2215 praelati
1178 2131 1243 2216 ipsi
1282 2131 1436 2197 iacultate
1476 2129 1674 2215 providendi

183 2237 337 2323 personis
362 2236 494 2303 idoneis
511 2255 647 2322 prorsus
671 2240 819 2303 carerent
842 2236 884 2302 ad
908 2240 1042 2321 tempus
1059 2255 1103 2302 sc.
1126 2235 1167 2302 ad
1190 2237 1371 2303 triennium
1389 2237 1559 2304 abstinuit.
1607 2236 1673 2304 Sed

180 2346 347 2410 crescente
378 2343 597 2409 nihilominus
637 2343 670 2408 in
704 2342 777 2409 dies
808 2342 1067 2429 supplicantium
1103 2362 1243 2410 numero
1279 2362 1338 2429 per
1372 2343 1453 2409 haec
1480 2342 1674 2429 Apostolica

181 2451 302 2536 scripta
341 2451 496 2536 praelatis
532 2450 674 2534 aliisque
709 2450 865 2535 personis
907 2451 972 2516 iam
1015 2450 1208 2516 memoratis
1246 2449 1392 2516 districte
1437 2450 1672 2536 praecipiendo

180 2556 361 2636 mandavit,
394 2576 437 2623 ne
475 2557 539 2643 ipsi
574 2559 630 2622 aut
658 2556 838 2641 quisquam
867 2574 1003 2623 suorum
1037 2574 1153 2634 „aures
1183 2555 1398 2642 Apostolicae
1437 2556 1535 2623 Sedis
1574 2576 1674 2643 super

180 2662 375 2730 huiusmodi
394 2664 509 2748 gratiis
534 2662 728 2730 obtinendis
753 2681 861 2748 usque
884 2662 926 2728 ad
950 2663 1124 2730 biennium
1143 2664 1293 2749 proxime
1311 2665 1499 2730 secuturum
1517 2663 1672 2752 infestare

181 2772 237 2836 aut
261 2788 362 2855 super
382 2769 434 2836 his
458 2771 556 2838 alicui
577 2769 761 2837 concedere
778 2770 1033 2855 supplicatorias
1050 2770 1188 2836 Litteras
1205 2769 1431 2855 quovismodo
1449 2773 1669 2855 praesumat.“

249 3018 251 3023 ·
288 3000 310 3070 1)
329 3001 432 3056 nmen
451 3002 490 3067 110
507 3001 586 3057 6281.
