3720 5932
910 314 949 370 15

286 523 413 589 Ultimo
439 522 514 588 loco
532 520 690 587 Clemens
706 520 744 584 V.
760 538 860 604 perc.
882 518 991 595 „Etsi
1009 519 1047 582 in
1064 517 1416 602 temporalium‘t)
1430 537 1490 603 pro
1508 519 1677 585 totosui

186 630 474 718 pontificatus
498 632 689 712 tempore
715 629 747 691 et
770 644 839 692 non
864 625 1008 709 amplius
1029 625 1106 690 sibi
1128 625 1271 709 primum
1292 626 1491 711 generaliter
1507 627 1678 692 reservarit

144 777 146 781 .
186 735 482 825 patriarchales,
508 732 888 818 archiepiscopales,
914 731 1166 815 episcopales
1189 732 1395 811 ecclesias,
1421 735 1677 813 monasteria,

184 845 347 931 prioratus
395 843 426 907 et
473 840 643 925 quoslibet
680 840 889 924 personatus,
936 837 1115 922 dignitates
1154 838 1207 903 vel
1252 839 1372 916 officia,
1413 857 1544 906 necnon
1575 844 1678 906 —ut

182 954 413 1018 antecessores
453 949 504 1014 sui
532 986 574 994 —
608 947 837 1024 canonicatus,
873 944 1091 1029 praebendas,
1123 946 1281 1012 ecclesias
1305 964 1380 1012 cum
1405 964 1481 1013 cura
1515 947 1567 1012 vel
1604 948 1677 1013 sine

180 1077 258 1125 cura
283 1060 315 1123 et
344 1057 407 1123 alia
444 1055 614 1140 quaelibet
649 1052 812 1119 beneficia
848 1052 1069 1117 ecclesiastica
1105 1053 1274 1131 universa,
1300 1071 1386 1137 quae
1411 1053 1512 1137 apud
1537 1053 1676 1120 Sedem

181 1164 458 1251 Apostolicam
482 1163 637 1228 vacarent
661 1159 702 1225 ad
728 1177 887 1244 praesens
909 1159 961 1223 vel
978 1162 1091 1224 essent
1114 1161 1267 1225 vacatura
1292 1160 1325 1224 in
1342 1159 1498 1225 futurum.
1545 1160 1678 1227 Praeter

182 1273 337 1338 unicam
355 1269 440 1335 hanc
457 1267 715 1333 reservationem
732 1265 923 1349 generalem
941 1266 975 1330 in
991 1283 1158 1350 corpore
1183 1266 1281 1332 iuris
1298 1267 1472 1333 clausam
1491 1286 1565 1333 curn
1580 1267 1677 1334 dictis

183 1375 473 1444 moderationibus
497 1374 550 1439 his
585 1373 793 1456 temporibus
822 1371 944 1436 multae
968 1372 1053 1437 aliae
1082 1373 1115 1436 in
1141 1372 1281 1439 diversis
1305 1373 1435 1438 Litteris
1469 1372 1675 1459 Apostolicis

185 1483 410 1559 inveniuntur,
435 1480 477 1545 de
502 1480 626 1564 quibus
651 1497 738 1544 nunc
762 1478 942 1544 disseritur.

294 1712 317 1779 1)
341 1727 362 1765 c.
398 1711 415 1765 3
442 1713 469 1764 in
497 1710 602 1764 Extrav.
632 1709 736 1764 Comm.
765 1709 803 1763 lli.
832 1710 856 1764 2.
895 1708 978 1774 Quod
1007 1711 1116 1778 quidem
1145 1712 1282 1766 decretum
1310 1714 1337 1765 in
1361 1714 1427 1781 ipsis
1446 1712 1575 1782 Registris
1613 1713 1676 1766 dicti

188 1801 324 1855 Pontificis
347 1802 460 1868 reperire
479 1814 534 1852 non
553 1800 629 1867 potui
649 1829 685 1836 —
702 1798 849 1868 Friedberg
869 1796 959 1867 (Corp.
978 1798 1032 1852 Jur.
1053 1798 1129 1867 Can.)
1149 1802 1176 1852 in
1195 1799 1249 1854 iine
1269 1800 1333 1855 dicti
1352 1801 1446 1870 capitis
1465 1802 1557 1869 ponit:
1574 1800 1674 1854 Datum

187 1888 357 1959 Burdegalae
375 1889 402 1943 ΙΙ.
421 1888 479 1946 Kal.
497 1887 569 1958 Aug.
598 1887 675 1941 Pont.
704 1888 787 1940 nostri
805 1886 855 1940 Αο.
876 1886 893 1940 l.
913 1886 1013 1956 (1300).
1051 1887 1104 1953 Qui
1133 1890 1223 1943 tamen
1251 1905 1338 1943 annus
1366 1891 1437 1944 certe
1463 1905 1518 1943 non
1539 1889 1607 1944 1300
1626 1889 1675 1943 sed

186 1979 276 2047 potius
297 1975 364 2031 1305
382 1977 438 2030 erit.
