3720 5932
904 313 944 370 27

181 517 320 583 ecclesia
355 517 608 583 vel'beneiicio
644 519 737 584 sine
772 537 885 597 cura,
922 537 1007 604 quae
1043 518 1164 583 habere
1200 516 1346 582 mallent.
1394 515 1547 582 Omnia
1585 516 1669 581 alia

180 624 398 690 beneficia
421 642 496 689 cum
522 643 597 690 cura
614 624 667 690 vel
685 625 848 691 sinecura
865 643 940 691 cum
958 625 1124 710 prioribus
1148 622 1498 707 incompatibilia
1522 623 1555 687 in
1581 621 1669 688 dicto

181 732 288 816 capite
312 749 357 796 ex
379 733 473 797 tunc
496 749 635 797 vacare
660 731 881 798 decernuntur
897 735 930 798 et
946 750 1057 798 coram
1075 730 1253 798 Ordinatio
1278 730 1362 795 intra
1379 729 1501 795 dictum
1519 747 1670 795 mensem

181 838 355 904 verbaliter
394 841 426 904 et
465 838 593 903 realiter
631 841 723 904 erant
762 838 968 917 dimittenda,
1009 838 1071 905 sub
1112 855 1222 922 poena
1259 837 1456 921 privationis
1496 837 1572 920 ipso
1602 837 1671 902 iure

182 944 397 1012 incurrendae
417 945 501 1011 circa
515 945 628 1010 omnia
647 945 793 1030 praelata
805 945 968 1011 beneficia
982 945 1080 1010 etiam
1095 944 1176 1009 alias
1189 943 1276 1009 licite
1289 943 1506 1008 retinenda-
1517 942 1671 1009 adiuncta

182 1051 389 1117 inhabilitate
425 1051 537 1136 quoad
574 1051 695 1117 similia
731 1052 847 1117 iterum
885 1050 1084 1136 recipienda.
1133 1049 1337 1116 Huiusmodi
1368 1050 1485 1116 electio
1520 1049 1671 1116 iacienda

181 1162 250 1237 erat
274 1159 372 1225 etiam
398 1160 439 1224 ab
465 1159 539 1237 illis,
565 1159 622 1243 qui
647 1158 835 1243 dignitates,
861 1161 1071 1243 personatus,
1097 1157 1206 1223 oliicia
1231 1157 1281 1223 vel
1304 1157 1367 1223 alia
1383 1157 1544 1223 beneficia
1562 1159 1671 1224 curata

182 1285 223 1332 ex
240 1265 492 1350 dispensatione
504 1263 698 1351 Apostolica
715 1265 805 1331 iuxta
822 1264 1086 1331 moderationem
1105 1264 1339 1349 praescriptam
1347 1261 1372 1346 ¹)
1390 1264 1454 1329 iam
1472 1265 1670 1343 obtinentes,

182 1373 246 1439 alia
271 1372 392 1438 similia
408 1372 570 1438 benelicia
587 1373 702 1456 vigore
720 1373 911 1437 litterarum
928 1371 1195 1456 Apostolicorum
1221 1370 1516 1454 exspectabant.
1564 1371 1670 1436 Etiam

183 1478 376 1544 huiusmodi
401 1479 587 1545 beneficiati
612 1479 645 1543 in
670 1497 759 1558 casu,
785 1496 853 1563 quo
878 1478 1041 1544 beneficia
1067 1478 1107 1544 ab
1133 1476 1197 1542 illis
1222 1477 1269 1542 sic
1287 1479 1476 1561 exspectata
1500 1478 1671 1556 vacabant,

182 1586 267 1651 intra
301 1604 453 1652 mensem
489 1585 676 1651 debuerunt
711 1585 845 1670 eligere,
881 1602 967 1669 quae
1002 1584 1166 1651 benelicia
1201 1583 1340 1649 retinere
1376 1583 1521 1663 mallent,
1556 1584 1671 1651 ceteris

163 1693 325 1758 omnino
350 1692 510 1759 dimissis

291 1852 359 1933 Qui
411 1871 490 1918 vero
541 1853 636 1937 plura
688 1852 851 1918 beneficia
903 1851 1167 1937 incompatibilia
1213 1851 1285 1917 sine
1332 1850 1584 1935 dispensatione
1630 1852 1672 1918 ab

182 1958 376 2045 Apostolica
413 1959 500 2026 Sede
541 1978 643 2045 super
678 1959 743 2026 hoc
778 1959 914 2025 obtenta
953 1959 1018 2024 iarn
1057 1957 1277 2044 possidebant
1312 1958 1395 2023 inira
1426 1975 1576 2023 mensem
1609 1959 1672 2024 sub

184 2067 304 2152 poenis
338 2085 438 2152 supra
474 2066 579 2133 allatis
615 2085 726 2133 coram
752 2065 931 2132 Ordinario
967 2065 1082 2131 omnia
1116 2064 1279 2130 dimittere
1303 2064 1518 2149 cogebantur,
1554 2061 1673 2130 ultimo

184 2177 334 2259 excepto,
360 2174 393 2239 in
419 2192 487 2257 quo
505 2173 569 2239 illis
588 2192 628 2239 ex
644 2173 823 2238 collatione
839 2173 999 2239 canonica
1016 2172 1068 2237 ius
1089 2172 1154 2237 iam
1172 2173 1240 2236 erat
1257 2171 1455 2255 quaesitum.
1502 2169 1674 2238 Praeterea

186 2280 345 2365 deinceps
393 2299 527 2358 omnes,
574 2279 770 2365 dignitatem
817 2279 869 2345 vel
916 2281 1132 2364 personatum
1175 2296 1239 2344 seu
1287 2277 1434 2343 oliicium
1482 2279 1537 2342 aut
1583 2276 1673 2343 aliud

183 2388 384 2453 beneficium
402 2389 548 2453 curatum
565 2389 728 2466 tenentes,
754 2405 812 2471 per
828 2387 1081 2471 possessionem
1107 2383 1274 2451 secundi
1292 2384 1411 2450 similis
1428 2385 1580 2450 beneficii
1598 2385 1673 2469 ipso

184 2495 254 2560 iure
293 2494 402 2579 priore
438 2495 529 2559 erant
565 2494 682 2578 privati
722 2512 797 2560 cum
834 2493 1040 2578 obligatione
1077 2491 1263 2558 dimittendi
1299 2490 1381 2556 illud
1405 2492 1477 2557 sine
1511 2510 1605 2558 mora
1641 2492 1673 2558 in

184 2601 341 2667 manibus
366 2600 533 2667 Ordinarii
556 2639 601 2646 —
625 2600 706 2666 alias
730 2602 872 2685 utroque
908 2600 1073 2666 beneficio
1110 2600 1185 2684 ipso
1221 2599 1290 2664 iure
1324 2599 1479 2664 carebant
1513 2601 1545 2664 et
1575 2599 1673 2665 etiam

184 2708 226 2775 ad
244 2708 362 2774 Sacros
388 2705 624 2792 suscipiendos
642 2705 787 2772 Ordines
812 2709 843 2772 et
868 2706 909 2772 ad
934 2705 1173 2791 quodcumque
1197 2706 1397 2773 beneficium
1416 2705 1673 2772 ecclesiasticum

184 2814 349 2880 inhabiles
389 2813 649 2880 declarabantur.
697 2811 852 2879 Ceterum
891 2813 925 2879 in
964 2813 1031 2879 line
1071 2813 1148 2879 dicti
1187 2813 1304 2898 capitis
1344 2815 1529 2897 sequuntur
1574 2814 1674 2880 verba

184 2922 399 3007 gravissima:
457 2919 593 3001 ,Quae
647 2921 780 2986 omnia
833 2922 869 2985 et
923 2919 1084 3004 singula
1136 2919 1335 2985 beneficia
1385 2922 1584 2999 vacatura,
1636 2921 1675 2984 ut

185 3029 467 3114 praemittitur,
491 3027 554 3093 vel
579 3026 747 3092 dimissa
764 3029 925 3093 nostrae
948 3027 983 3091 et
1000 3025 1112 3092 Sedis
1128 3023 1386 3110 Apostolicae
1409 3024 1673 3110 dispositioni

186 3135 227 3201 de
251 3136 401 3221 ipsorum
425 3134 559 3199 fratrum
581 3134 723 3200 consilio
748 3140 1032 3199 reservamus“
1081 3131 1238 3216 Denique
1259 3131 1408 3198 locorum
1426 3131 1612 3198 Ordinariis
1629 3151 1673 3198 sc.

188 3242 364 3328 Episcopis
388 3241 440 3307 vel
465 3239 544 3307 sede
560 3243 697 3306 vacante
714 3239 866 3325 capitulis
883 3239 1063 3305 earundem
1081 3238 1297 3316 dioecesium,
1323 3239 1356 3302 in
1374 3238 1497 3324 quibus
1514 3238 1675 3305 beneficia

188 3348 380 3416 huiusmodi
434 3347 630 3413 dimittenda
682 3347 910 3413 consistebant
956 3346 1008 3412 vel
1054 3346 1119 3429 ipsi
1172 3345 1359 3411 beneficiati
1406 3345 1461 3410 illa
1506 3343 1675 3410 dimissuri

187 3456 490 3533 commorabantur,
516 3454 753 3538 iniungebatur
776 3471 873 3533 onus,
899 3452 941 3518 de
964 3453 1138 3519 beneficiis
1162 3455 1228 3518 tarn
1247 3451 1395 3518 dimissis
1412 3469 1513 3536 quam
1538 3451 1676 3536 perditis

186 3563 352 3629 indilate
392 3580 505 3647 quam
545 3561 710 3645 primum
750 3559 959 3626 commode
998 3560 1085 3625 lieri
1125 3559 1300 3644 potuerit
1339 3557 1491 3625 mittendi
1524 3559 1675 3624 notitiam

186 3672 228 3737 ab
254 3669 387 3735 Curiam
413 3668 610 3741 Romanam.

292 3831 439 3897 Nomine
475 3847 554 3895 vero
595 3828 834 3895 beneficiorum
870 3829 1091 3894 curatorum
1127 3827 1160 3892 in
1201 3828 1265 3893 boc
1304 3827 1411 3911 capite
1448 3825 1677 3910 intelliguntur

187 3937 477 4028 parochialia,
502 3936 535 4001 in
561 3936 684 4020 quibus
709 3953 785 4000 cura
810 3951 878 3999 non
904 3951 963 4018 per
996 3934 1138 4000 vicarios
1162 3936 1342 4019 perpetuos
1367 3932 1427 3999 sed
1452 3951 1511 4018 per
1534 3935 1676 3998 rectores

188 4047 244 4110 aut
261 4046 429 4110 ministros
447 4042 687 4108 beneficiorum
705 4042 854 4126 ipsorum
877 4040 930 4105 vel
947 4058 1062 4106 eorum
1079 4040 1281 4125 temporales
1298 4040 1438 4106 vicarios
1455 4039 1676 4118 exercebatur,

188 4151 240 4216 vel
264 4151 318 4216 illa
349 4150 522 4229 beneficia,
555 4166 696 4233 quorum
721 4147 881 4213 ministris
912 4147 943 4211 vi
969 4147 1070 4213 oilicii
1099 4147 1310 4232 competebat
1333 4147 1476 4225 visitare,
1501 4146 1675 4230 inquirere,

190 4258 440 4340 procurationes
465 4257 621 4341 recipere,
658 4253 875 4339 suspendere,
912 4254 1199 4320 excommunicare
1235 4271 1293 4319 seu
1319 4254 1360 4319 ab
1386 4253 1504 4319 iisdem
1529 4253 1676 4319 censuris

190 4361 373 4428 absolvere.

297 4521 394 4601 Quae
432 4523 645 4590 celeberrima
684 4520 878 4588 constitutio
918 4538 1019 4604 quam
1059 4520 1194 4586 maximi
1234 4521 1395 4587 momenti
1439 4520 1536 4586 luerit
1582 4518 1678 4586 dictis

189 4628 400 4714 temporibus
424 4629 458 4694 in
482 4627 752 4696 administrandis
777 4627 949 4693 beneficiis
982 4627 1177 4693 universalis
1201 4626 1369 4693 Ecclesiae
1397 4627 1492 4694 iacile
1517 4626 1677 4711 cognosci

190 4738 316 4821 potest,
365 4735 392 4801 si
438 4738 515 4801 ante
561 4735 679 4803 oculos
726 4734 907 4812 habemus,
959 4751 1060 4817 quam
1112 4734 1232 4819 ingens
1279 4753 1437 4800 numerus
1484 4732 1678 4798 huiusmodi

190 4843 428 4909 beneficiorum
465 4842 497 4907 vi
532 4842 608 4909 dicti
643 4841 762 4927 capitis
796 4841 866 4906 sive
902 4858 942 4905 ex
977 4840 1160 4924 pluralitate
1197 4841 1267 4907 sive
1292 4860 1332 4906 ex
1360 4840 1471 4907 illicita
1495 4840 1678 4905 retentione

191 4949 429 5016 beneficiorum
482 4965 558 5013 uno
614 4948 834 5032 eodemque
884 4950 1061 5031 tempore
1112 4947 1150 5012 in
1206 4965 1449 5032 unaquaque
1499 4945 1678 5012 dioecesi

190 5056 378 5123 vacaverint
405 5054 531 5140 ,apud
556 5054 696 5121 Sedem
720 5053 1034 5139 Apostolicam“.

190 5238 403 5245 -——.-.—..

254 5341 277 5409 ¹)
298 5340 340 5394 Sc.
360 5356 444 5395 unum
464 5340 583 5393 curatum
603 5337 766 5392 beneficium
786 5352 847 5391 cum
867 5337 950 5391 altero
970 5339 1029 5389 sine
1048 5353 1117 5392 cura.
