1023 1631
526 128 548 143 80

164 179 269 201 contingeret
280 179 390 201 imposterum
399 179 497 201 attemptari.
510 179 534 196 Ac
542 179 604 196 deinde
612 179 657 196 dicto
664 179 742 196 Johanne
750 178 804 200 primo
816 179 833 195 et
840 177 912 195 demum

165 206 191 228 pie
210 206 291 223 memorie
302 206 393 223 Benedicta
411 211 455 227 papa
466 206 504 226 X11.,
518 206 593 223 eiusdem
608 206 692 222 Jobannis
702 205 798 222 immediate
806 209 911 224 successore,

164 232 193 254 qui
210 233 294 249 consimili
312 232 364 249 modo
381 233 399 249 in
411 237 441 249 sue
453 233 569 254 promocionis
581 232 655 249 exordiis
667 232 775 249 canonicatus
787 232 803 248 et
815 231 912 253 prebendas

164 263 183 276 ac
205 259 286 276 beneficia
307 259 417 276 ecclesiastica
434 259 533 276 huiusmodi
550 259 662 280 dispositioni
679 259 696 275 et
713 258 806 280 provisioni
823 262 853 275 sue
871 262 912 275 cum

164 286 223 302 similis
238 286 369 307 interposicione
384 285 445 302 decreti
460 286 555 307 specialiter
571 286 666 305 reservavit,
678 285 825 307 predecessoribus
841 285 910 304 nostris.

164 312 206 329 sicut
225 312 295 329 domino
314 313 377 334 placuit
395 312 416 329 de
437 313 467 329 hac
490 313 524 330 vita
547 313 642 332 subtractis.
666 317 703 332 nos,
721 312 741 328 ad
761 312 826 333 apicem
847 311 911 328 summi

163 339 268 360 apostolatus
277 339 364 360 assumpti,
376 344 411 356 uno
423 344 481 356 mense
492 344 501 355 a
511 340 568 356 nostre
579 339 694 360 promocionis
705 338 777 355 exordiis
785 339 825 355 tunc
832 338 911 355 nondum

163 365 217 387 lapso,
241 370 301 382 omnes
320 366 428 383 canonicatus
445 366 462 382 et
481 366 576 387 prebendas
593 366 682 387 ceteraque
698 365 780 382 beneficia
798 364 911 382 ecclesiastica

164 397 271 414 quocumque
283 392 335 409 modo
346 393 386 409 tunc
398 392 443 414 apud
451 393 512 409 dictam
525 392 583 409 sedem
594 393 671 409 vacancia
683 393 700 408 et
711 392 820 413 imposterum
832 392 911 408 vamtura

163 423 201 436 cum
213 419 273 436 similis
285 419 415 441 interposicione
427 419 488 436 decreti
500 419 576 436 similiter
586 419 664 435 duximus
674 418 778 435 reservanda.
802 418 845 435 Cum
853 418 911 439 itaque

162 446 271 462 canonicatus
286 447 302 462 et
317 446 402 467 prebenda
421 446 490 463 ecclesie
502 446 652 465 Wratislauiensis,
670 450 714 467 quos
732 445 817 466 quondam
829 445 911 461 Nicolaus

163 472 184 488 de
192 472 306 494 Thedelgariis
320 472 341 489 de
350 472 400 492 Urbe,
412 472 487 489 eiusdem
496 472 567 489 ecclesie
577 472 673 492 canonicus,
686 472 725 488 dum
738 472 805 491 viveret,
818 471 910 491 obtinebat,

164 503 193 520 per
210 499 264 520 ipsius
282 499 351 519 obitum,
369 499 398 520 qui
416 499 460 516 dicto
477 499 556 516 Johanne
574 499 692 520 predecessore
704 499 770 515 vivente
788 498 833 519 apud
848 498 909 515 dictam

163 525 220 542 sedern
238 525 283 542 diem
297 526 358 542 clausis
370 526 461 542 extremum
474 525 520 547 apud
533 525 589 542 sedem
602 526 656 547 ipsam
664 525 758 542 vacaverint
766 525 782 541 et
790 525 844 541 adhuc
851 529 910 541 vacare

162 553 258 572 noscantur,
270 557 302 569 nos
315 552 425 572 attendentes,
443 552 489 574 quod
507 552 564 569 nullus
581 553 635 573 preter
652 557 684 568 nos
697 552 717 568 de
730 552 771 573 ipsis
783 551 882 568 canonicatu
894 552 911 568 et

163 579 253 600 prebenda,
265 579 287 595 de
299 579 361 600 quibus
373 579 397 595 sic
411 579 508 596 vacantibus
527 579 565 595 dicti
581 578 709 600 predecessores
727 578 796 595 minime
808 578 909 598 ordinarunt,

163 605 193 622 hac
199 605 235 622 vice
241 605 330 626 disponere
338 606 392 627 potuit
400 610 455 627 neque
464 606 526 627 potest,
533 605 676 622 reservacionibus
685 606 701 622 et
709 605 779 622 decretis
788 605 910 621 obsistentibus

163 632 261 653 supradictis
279 637 298 649 ac
309 632 384 649 volentes
397 632 426 649 tibi
439 632 559 653 premissorum
572 632 667 648 meritorum
680 633 745 648 tuorum
759 632 824 651 intuitu,
839 631 860 650 te,
878 636 909 652 pro

163 663 197 679 quo
209 659 258 675 etiam
271 659 370 675 venerabilis
383 659 431 675 irater
443 659 499 675 noster
507 659 607 675 Prenczlaus
620 659 657 680 (sic)
670 659 760 680 episcopus
769 658 909 675 Wratislauiensis

163 690 245 705 asserens,
257 686 277 705 te,
290 685 366 702 clericum
375 686 472 702 iamiliarern
482 690 531 702 suum
544 685 660 705 domesticum,
669 686 711 702 circa
723 685 794 702 nuncios
805 685 909 706 apostolicos

162 712 179 728 in
192 712 266 733 partibus
278 712 310 728 iliis
323 712 339 728 in
355 713 430 734 negociis
442 717 507 729 camere
520 712 613 733 apostolice
625 712 696 728 fideliter
708 712 801 731 servivisse,
814 716 864 733 super
876 711 909 727 hoc

162 738 212 755 nobis
237 739 321 755 humiliter
340 739 444 760 supplicavit,
469 739 526 756 favore
546 739 625 760 prosequi
645 739 696 760 gratie
720 738 802 760 specialis,
826 738 909 759 predictos

162 765 279 781 canonicatum
298 766 314 782 et
332 766 434 786 prebendam
453 767 476 782 sic
493 767 577 786 vacantes,
595 766 642 782 cuius
661 766 728 787 quidem
745 765 830 787 prebende
847 765 909 781 tructus

162 791 220 808 decern
232 792 335 808 marcharum
348 793 417 813 argenti,
429 793 446 809 ut
458 793 542 812 asseritur.
554 793 628 809 valorem
641 797 715 808 annuum
729 797 763 808 non
772 792 859 811 excedunt,
871 796 909 807 curn

162 819 267 840 plenitudine
284 820 323 836 iuris
341 820 417 836 canonici
429 820 522 841 apostolica
540 821 570 837 tibi
583 820 679 837 auctoritate
697 820 798 836 conferimus
816 821 832 836 et
844 819 865 836 de
877 819 909 835 illis

162 846 214 862 eciam
223 846 337 867 providemus,
348 847 456 863 decernentes
468 848 519 868 prout
531 848 555 863 est
564 847 625 863 irritum
639 848 655 863 et
663 847 718 866 inane,
731 847 744 863 si
755 851 803 863 secus
816 851 866 867 super
878 846 909 862 hiis

162 877 171 888 a
184 877 269 894 quoquam
283 873 342 894 quavis
354 874 450 890 auctoritate
463 874 534 890 scienter
545 874 571 890 vei
584 874 680 895 ignoranter
692 874 806 894 attemptatum
819 873 875 889 iorsan
884 873 910 889 est

162 899 242 915 hactenus
248 900 274 916 vel
280 900 367 920 contigerit
376 900 485 921 imposterum
493 901 591 921 attemptari.
615 900 653 916 Non
661 900 767 916 obstantibus
775 900 909 921 quibuscumque

162 926 227 942 statutis
235 927 250 942 et
258 926 409 943 consuetudinibus
421 927 506 943 contrariis
520 927 574 948 ipsius
583 927 657 946 ecclesie,
668 927 766 946 iuramento,
779 927 909 943 confirmacione

162 952 205 969 dicte
222 952 268 969 sedis
280 953 306 969 vel
318 958 424 974 quacumque
437 954 512 970 tirmitate
526 954 556 970 alia
566 954 652 970 roboratis.
677 953 715 973 Seu,
728 954 741 970 si
754 954 804 974 aliqui
817 953 909 974 apostolica

162 979 188 995 vel
200 979 233 996 alia
245 979 304 1000 quavis
316 980 412 996 auctoritate
424 981 441 996 in
454 981 512 997 eadem
526 981 595 997 ecclesia
608 980 624 996 in
636 980 727 996 canonicos
735 980 768 996 sint
776 980 837 1001 recepti
848 980 879 999 vel,
892 981 909 996 ut

162 1006 266 1027 recipiantur,
279 1006 356 1023 insistant
368 1008 396 1023 aut
408 1007 421 1023 si
434 1012 485 1028 super
497 1007 623 1028 provisionibus
637 1007 669 1023 sibi
681 1007 762 1023 iaciendis
776 1007 818 1023 dicte
830 1007 874 1023 sedis
883 1007 909 1023 vel

161 1032 253 1053 legatorum
277 1033 313 1049 eius
333 1033 394 1050 litteras
414 1034 523 1055 impetrarint,
542 1034 607 1050 etiamsi
635 1038 664 1055 per
690 1038 719 1050 eas
742 1034 763 1050 ad
783 1034 908 1053 inhibicionem,

161 1060 293 1076 reservacionem
311 1061 327 1076 et
344 1060 428 1077 decretum
446 1062 462 1077 et
483 1061 525 1077 alias
544 1061 673 1082 quomodolibet
689 1061 710 1077 sit
722 1065 825 1081 processum,
846 1060 908 1081 quibus

161 1086 240 1102 omnibus
258 1086 274 1102 in
292 1087 400 1103 assecucione
424 1087 505 1104 dictorum
527 1088 635 1104 canonicatus
653 1088 668 1103 et
686 1087 770 1108 prebende
792 1087 808 1103 te
829 1087 908 1103 volumus

161 1112 242 1132 anteierri,
261 1113 290 1129 sed
308 1114 372 1129 nullum
390 1118 420 1134 per
440 1114 472 1130 hoc
490 1114 515 1130 eis
533 1114 589 1135 quoad
608 1114 733 1130 assecucionem
752 1114 879 1130 canonicatuum
892 1114 909 1130 et

162 1139 283 1160 prebendarum
309 1144 328 1156 ac
353 1140 473 1156 beneficiorum
499 1141 570 1157 aliorum
596 1141 704 1161 preiudicium
730 1140 810 1161 generari.
843 1140 875 1156 Aut
894 1140 908 1156 si

161 1166 247 1187 episcopo,
260 1166 288 1187 qui
301 1167 325 1182 est
337 1171 367 1187 pro
379 1167 460 1188 ternpore,
468 1168 484 1183 et
492 1167 557 1183 dilectis
570 1167 609 1183 tiliis
621 1167 694 1188 capitulo
706 1167 870 1183 Wratislauiensibus
882 1167 908 1183 vel

161 1192 249 1213 quibusvis
261 1193 298 1209 aliis
310 1194 421 1209 communiter
433 1194 459 1210 vel
472 1194 538 1210 divisim
548 1198 557 1210 a
568 1194 630 1215 prefata
642 1194 662 1210 sit
675 1193 714 1210 sede
727 1193 814 1213 indultum,
828 1193 873 1214 quod
886 1194 907 1210 ad

160 1219 272 1240 receptionem
288 1219 314 1235 vel
333 1220 447 1241 provisionem
466 1220 536 1236 alicuius
555 1220 623 1236 minime
641 1221 728 1236 teneantur
740 1221 756 1236 et
768 1220 788 1236 ad
802 1220 817 1236 id
830 1220 908 1241 compelli

160 1250 195 1262 non
207 1246 273 1266 possint
289 1246 369 1267 quodque
386 1247 407 1263 de
420 1247 547 1263 canonicatibus
565 1248 581 1263 et
599 1247 689 1268 prebendis
704 1247 779 1263 eiusdem
795 1247 864 1263 ecclesie
882 1247 908 1263 vel

160 1272 197 1288 aliis
202 1272 288 1289 beneficiis
295 1273 411 1289 ecclesiasticis
418 1273 438 1289 ad
446 1278 504 1289 eorum
509 1273 625 1292 collacionem,
632 1273 746 1294 provisionem
754 1273 779 1289 vel
785 1278 908 1294 quamcumque

160 1298 209 1315 aliam
227 1299 358 1320 disposicionem
379 1300 479 1316 coniunctim
502 1300 529 1316 vel
549 1300 637 1321 separatim
657 1300 771 1321 spectantibus
791 1300 831 1316 nulii
854 1300 908 1316 valeat

160 1325 244 1346 provideri
260 1330 290 1347 per
305 1326 365 1342 litteras
381 1327 483 1347 apostolicas
500 1331 535 1342 non
550 1326 629 1342 iacientes
642 1327 708 1347 plenam
721 1327 736 1343 et
748 1331 843 1348 expressam
856 1331 875 1343 ac
887 1326 908 1343 de

160 1352 211 1368 verbo
223 1352 244 1368 ad
256 1352 325 1369 verbum
344 1352 364 1369 de
383 1353 447 1369 indulto
464 1353 561 1369 huiusmodi
578 1353 683 1369 mencionem
697 1354 712 1369 et
725 1354 798 1374 qualibet
816 1352 847 1369 alia
865 1354 908 1369 dicte

160 1378 205 1395 sedis
218 1378 325 1400 indulgencia
337 1379 410 1401 generali
419 1380 445 1396 vel
454 1380 528 1401 speciali,
541 1380 661 1401 cuiuscumque
670 1380 732 1396 tenoris
741 1380 804 1400 existat,
817 1384 846 1401 per
857 1385 907 1401 quam
