1023 1631
61 73 221 124 W

508 149 530 164 ⁷1

145 204 176 218 seu
181 200 290 217 monasteriis
296 200 340 222 autl)
346 200 451 221 quibuslibet
456 200 563 222 prioratibus,
567 200 610 217 locis
616 200 701 221 religiosis
707 204 774 217 necnon
779 199 895 221 dignitatibus,

145 227 270 249 personatibus,
288 227 349 243 officiis
365 227 392 243 vel
406 227 494 244 beneficiis
510 227 628 244 ecclesiasticis
645 227 748 244 secularibus
759 227 776 243 et
791 227 895 248 regularibus

147 258 287 276 quorumcunque
298 253 382 273 ordinum,
396 254 527 275 quibuscunque
537 254 635 270 nominibus
649 254 753 273 censeantur,
767 258 777 270 a
791 253 895 275 quibuslibet

146 280 295 302 predecessoribus
306 280 368 297 nostris
380 280 461 298 Romanis
476 280 591 302 pontificibus,
603 280 686 302 personis,
704 280 824 301 cuiuscumque
836 280 894 300 status,

147 307 211 324 ordinis
222 307 250 324 vel
265 307 371 323 condicionis
382 307 443 323 existat
457 311 488 328 per
502 307 565 324 litteras
577 307 679 328 apostolicas
691 307 718 323 vel
729 311 785 323 earum
798 307 896 324 auctoritate

145 334 178 351 sub
184 334 245 355 quavis
252 333 306 350 torma
314 338 344 350 seu
350 334 462 355 conceptione
468 334 557 350 verbonim
566 334 622 353 lactas,
631 333 664 350 illis
672 333 778 350 commendis
784 333 805 350 de
814 334 894 354 ecclesiis,

146 365 180 382 que
191 360 234 377 tituli
246 360 356 377 cardinalium
368 360 404 376 iore
416 361 508 377 noscuntur
520 365 539 377 ac
551 360 572 377 de
586 360 654 382 pretatis
668 360 780 380 monasteriis,
789 360 895 381 prioratibus,

145 387 193 407 locis,
204 387 320 408 dignitatibus,
329 387 453 408 personatibus,
462 387 523 404 officiis
531 387 548 404 et
555 387 642 403 beneficiis
651 391 681 408 per
688 387 758 403 eosdem
767 387 895 408 predecessores

146 414 211 431 eisdem
222 414 299 430 tratribus
311 413 373 430 nostris
389 414 446 430 sancte
460 413 536 432 Romane
548 414 618 430 ecclesie
634 413 752 433 cardinalibus,
765 414 793 435 qui
806 414 895 430 nobiscum

147 440 235 462 regiminis
252 440 351 457 universalis
368 440 439 456 ecclesie
456 445 507 457 onera
526 441 626 462 parciuntur,
645 440 693 457 tactis
711 440 796 457 dumtaxat
815 440 895 461 exceptis,

149 467 171 484 de
187 467 261 488 ipsorum
282 467 349 483 fratmm
367 467 439 483 consilio
456 468 473 483 et
490 467 583 488 apostolice
601 467 688 488 potestatis
706 467 810 488 plenitudine
829 467 895 488 penitus

149 498 246 510 revocamus
254 494 270 510 et
278 493 342 510 iuribus
350 498 441 510 vacuamus
449 494 466 510 et
474 494 594 510 nichilominus
603 494 687 513 ecclesias,
699 494 805 513 monasteria,
814 494 895 515 prioratus

148 521 189 540 loca,
208 520 304 542 dignitates,
322 521 427 541 personatus
445 520 501 537 officia
514 521 530 537 et
542 520 623 537 beneficia
642 520 737 541 supradicta
755 520 859 537 ordinacioni
879 521 895 537 et

148 547 258 569 disposicioui
273 548 329 563 nostre
347 547 378 563 hac
394 547 430 563 vice
448 547 545 563 auctoritate
560 547 652 568 apostolica
664 551 773 566 reservamus,
785 547 893 563 decernentes

148 578 169 590 ex
179 578 224 590 nunc
234 573 270 590 tore
283 574 344 590 irritum
357 574 373 590 et
385 574 434 590 inane
447 574 477 590 etc-
500 573 546 590 Nulli
559 578 599 595 ergo
611 574 641 590 etc.

198 605 261 621 Datum
272 604 356 621 Avinione
367 605 401 621 XV.
414 605 445 621 kal.
457 605 503 621 Junii
516 606 563 626 pont.
575 605 627 621 nostri
640 609 654 621 a.
667 605 726 626 primo.

178 663 190 680 ¹)
199 666 215 676 ac
225 662 242 676 V,

504 734 533 754 19.

149 765 183 779 1335
192 765 225 779 Decv
236 765 256 778 18.

148 787 182 801 Cod⁴
192 787 207 801 Β.
217 787 240 801 tol.
249 787 307 801 §it—97.

149 833 253 857 Revooacio
272 835 374 859 graciarum
395 834 509 859 generalium
528 835 546 853 et
562 834 638 853 aliarum
660 833 841 859 exspectacionum¹)
862 839 896 859 per

391 870 543 895 predecessorem
558 870 652 889 factarum*

264 909 376 929 Benedictus
391 911 424 929 etc.
453 909 483 929 Ad
497 910 608 935 perpetuam
623 911 647 929 rei
663 911 778 929 memoriam.

202 949 354 971 Experimento
380 949 505 969 didicimus,
532 950 578 971 quod
604 955 633 971 per
658 950 770 971 importunam
797 950 894 966 instanciam

150 976 196 992 multi
216 976 295 992 hactenus
315 981 325 992 a
341 976 428 993 nonnullis
445 976 593 997 predecessoribus
611 977 672 993 nostris
690 976 769 994 Romanis
787 976 895 998 pontificibus

150 1003 166 1019 in
188 1003 243 1019 multis
261 1004 277 1019 et
298 1003 368 1019 diversis
389 1003 463 1019 ecclesiis
485 1004 535 1024 atque
558 1003 599 1020 locis
623 1008 652 1025 per
675 1003 733 1019 orbern
756 1003 822 1019 diffusis
845 1007 896 1025 super

149 1029 279 1048 collacionibus,
303 1030 436 1051 provisionibus,
460 1030 604 1046 reservacionibus
624 1031 640 1046 et
659 1030 807 1049 concessionibus,
827 1029 895 1046 canoni-

149 1056 221 1076 catuum,
245 1056 372 1077 prebendarum,
396 1056 501 1077 dignitatum,
524 1057 631 1078 prioratuum,
650 1058 775 1078 personatuum,
796 1056 894 1076 officiorum,

149 1083 261 1103 ecclesiarum,
276 1083 381 1104 porcionum,
393 1083 542 1104 prestimoniorum
560 1084 664 1105 aliorumque
682 1083 801 1100 beneficiorum
817 1083 894 1100 ecclesia-

149 1109 227 1126 sticorum
240 1111 361 1129 vacaturorum,
373 1110 433 1126 multas
445 1111 461 1126 et
477 1110 551 1127 diversas
567 1110 668 1131 apostolicas
681 1110 735 1127 literas
747 1110 859 1131 impetrarunt,
875 1114 895 1126 ex

150 1141 221 1157 quorum
233 1136 359 1157 impetranciurn
372 1136 477 1153 multitudine
489 1137 549 1153 eedem
563 1137 632 1153 ecclesie
642 1138 681 1153 sunt
693 1137 782 1158 plurimum
794 1137 894 1158 pregravate,

150 1162 186 1179 Nos
198 1163 248 1183 igitur
265 1163 287 1180 ob
305 1163 395 1184 premissas
408 1164 424 1180 et
438 1164 478 1180 alias
494 1164 546 1180 certas
564 1168 628 1183 causas,
648 1168 680 1185 que
697 1163 718 1180 ad
731 1163 763 1180 hoe
775 1163 896 1180 racionabiliter

150 1193 182 1205 nos
200 1189 284 1209 inducunt,
302 1194 353 1211 super
365 1190 397 1206 hiis
409 1190 496 1211 providere
510 1190 592 1210 volentes,
607 1190 688 1211 presentis
700 1190 826 1207 constitucionis
840 1190 895 1207 edicto

150 1219 210 1232 ornnes
235 1216 358 1233 reservaciones
383 1217 399 1233 et
424 1217 544 1233 concessiones
570 1221 621 1238 super
643 1217 776 1237 canonicatibus,
800 1216 895 1238 prebendis,

150 1241 266 1263 dignitatibus,
286 1243 394 1264 prioratibus,
416 1244 534 1264 personatibus
554 1243 622 1264 officiis,
643 1244 758 1265 porcionibus,
776 1243 894 1265 prestimoniis.

150 1268 224 1285 ecclesiis
246 1270 368 1290 parochialibus
390 1271 406 1286 et
427 1270 508 1286 ruralibus
529 1271 545 1286 et
568 1270 603 1287 aliis
627 1270 755 1292 quibuscunque
779 1270 895 1287 ecclesiasticis

150 1295 236 1312 beneficiis
255 1296 341 1316 vacaturis,
361 1297 463 1313 secularibus
483 1297 498 1313 et
519 1297 622 1318 regularibus
642 1302 678 1314 cum
702 1302 740 1314 cura
758 1297 784 1313 vel
803 1297 839 1314 sine
856 1301 895 1314 cura

149 1326 251 1343 quocunque
277 1323 345 1339 nomine
369 1324 468 1340 censeantur
493 1324 509 1340 et
534 1324 586 1340 eciam
609 1324 711 1340 coilaciones
736 1328 765 1340 seu
789 1324 895 1345 provisiones

150 1353 200 1370 super
225 1349 351 1366 canonicatibus
382 1350 398 1366 in
425 1350 548 1366 cathedralibus
579 1355 608 1367 seu
636 1350 729 1371 collegiatis
756 1350 831 1367 ecclesiis
857 1354 894 1367 cum

149 1376 291 1392 reservacionibus
300 1376 421 1397 prebendarum
430 1377 536 1398 dignitatum,
545 1377 671 1398 personatuum,
684 1377 783 1397 officiorum,
796 1377 894 1399 portionum

149 1402 295 1425 prestimoniorum
313 1403 339 1421 vel
357 1403 426 1421 aliorum
445 1403 566 1422 beneficiorum
585 1404 735 1422 ecclesiasticorum
755 1408 895 1427 quorumcunque
