3720 5932
825 329 1038 426 „4³-

189 539 323 621 iuribus‚
341 556 427 626 quae
444 540 637 607 auctoritate
655 539 921 625 praedecessoris
935 540 997 618 sui,
1007 540 1136 606 Litteris
1152 541 1264 605 tamen
1280 557 1381 624 super
1392 538 1507 624 gratiis
1523 541 1674 625 tempore

191 649 298 716 obitus
315 648 423 733 ipsius
440 647 613 714 Pontificis
631 646 783 712 nondum
800 647 970 727 confectis,
996 647 1232 731 exspectabant
1248 646 1466 731 praebendas,
1484 644 1674 731 dignitates,

190 758 385 841 personatus
419 755 474 821 vel
509 754 619 820 officia
654 756 710 819 aut
746 754 809 819 alia
845 771 1078 838 quaecumque
1113 753 1287 832 beneficia,
1324 753 1509 820 dummodo
1534 753 1589 819 illa
1613 772 1674 838 pro

189 865 335 947 tempore
358 862 509 928 vacantia
544 863 576 927 et
611 861 660 926 eis
695 859 807 926 debita
842 862 919 926 ante
955 860 1043 926 diem
1082 860 1131 926 18.
1155 859 1241 926 Νον.
1269 860 1352 926 1362
1389 862 1617 945 acceptassent
1640 861 1674 926 in

186 969 290 1036 forma
316 969 469 1055 debita.¹)

290 1076 354 1142 Die
377 1094 458 1142 vero
485 1076 535 1142 10.
559 1074 650 1141 lunii
679 1074 792 1161 13632)
829 1075 943 1141 omnia
980 1074 1143 1140 beneficia
1179 1075 1221 1140 ab
1258 1075 1333 1158 ipso
1358 1073 1520 1141 Pontifice
1555 1075 1674 1142 collata

184 1183 362 1250 declaravit
385 1184 561 1261 reservata,
598 1182 728 1248 etiamsi
764 1181 847 1248 forte
883 1180 1077 1247 huiusmodi
1102 1180 1236 1247 collatio
1264 1200 1323 1257 „ex
1346 1181 1458 1266 aliqua
1481 1200 1581 1248 causa
1605 1200 1674 1249 non

183 1290 307 1357 valeret
329 1290 383 1357 vel
399 1290 561 1356 effectum
588 1289 696 1354 sortiri
721 1307 790 1354 non
815 1290 964 1372 posset“.

291 1415 372 1481 ltem
411 1413 655 1500 patriarchales,
695 1413 996 1498 archiepiscopales
1032 1412 1252 1498 episcopales,
1288 1412 1471 1479 abbatiales
1507 1412 1673 1494 ecclesias,

187 1521 381 1607 dignitates,
427 1522 636 1607 personatus,
694 1521 920 1599 canonicatus,
976 1518 1184 1605 praebendas
1236 1519 1367 1604 aliaque
1412 1520 1585 1600 beneficia,
1632 1522 1674 1587 ab

188 1627 421 1694 innocentio
454 1626 510 1693 Vl.
546 1629 711 1693 reservata
747 1629 779 1693 et
813 1627 964 1693 vacantia
999 1629 1179 1711 tempore
1216 1627 1351 1693 obitus
1386 1625 1463 1692 dicti
1501 1625 1674 1693 Pontificis

190 1733 296 1799 voluit
331 1751 405 1799 esse
439 1732 578 1801 aflecta
614 1734 633 1798 i.
659 1752 687 1800 e.
716 1733 887 1800 collationi
922 1733 1065 1807 Romani
1099 1733 1273 1801 Pontificis
1308 1734 1449 1800 omnino
1485 1733 1674 1820 subiectat)

295 1857 359 1924 Die
392 1857 700 1945 301111113634)
734 1858 978 1944 generaliter
1013 1859 1192 1924 reservavit
1220 1859 1308 1924 idem
1333 1858 1487 1925 Pontifex
1510 1859 1673 1925 beneficia

191 1964 401 2032 colledorum
426 1967 458 2031 et
482 1965 769 2032 succollectorum.

291 2089 355 2155 Die
379 2090 408 2155 4.
422 2089 509 2175 Aug.
527 2089 640 2176 13635)
661 2088 707 2156 ad
727 2090 832 2156 vitae
856 2090 942 2156 dies
960 2090 1023 2157 sibi
1040 2091 1218 2157 reservavit
1235 2109 1354 2157 omnes
1371 2090 1673 2176 patriarchales,

186 2195 559 2282 archiepiscopales
606 2200 638 2263 et
683 2198 941 2282 episcopales
995 2197 1152 2264 ecclesias
1206 2199 1387 2283 omniaque
1434 2198 1674 2264 monasteria

184 2305 250 2369 tam
274 2303 420 2369 virorum
457 2322 557 2389 quam
595 2305 770 2371 mulierum
810 2305 959 2381 „etiamsi
984 2323 1042 2390 per
1065 2306 1202 2390 priores,
1241 2306 1462 2390 praepositos
1487 2305 1673 2389 priorissas,

185 2411 446 2496 praepositissas
492 2411 767 2498 consueveruntss)
820 2412 998 2497 gubernari
1054 2413 1294 2498 cuiuscumque
1340 2412 1467 2479 ordinis
1514 2413 1675 2479 exsistant

184 2534 426 2602 quocunque
450 2517 566 2583 modo
592 2521 628 2584 et
652 2519 879 2603 ubicunque
903 2537 993 2586 nunc
1008 2520 1158 2586 vacantia
1183 2522 1215 2586 et
1246 2520 1279 2585 in
1301 2522 1471 2604 posterum
1488 2523 1674 2588 vacatura“.

288 2641 429 2727 lnsuper
463 2642 633 2709 mandavit
669 2643 757 2710 idem
782 2643 955 2717 Romanus
979 2643 1143 2724 Pontifex,
1179 2646 1214 2710 ut
1249 2645 1282 2710 in
1315 2645 1445 2711 Litteris
1469 2643 1673 2730 Apostolicis

184 2766 284 2834 super
307 2748 521 2816 ecclesiarum
555 2753 587 2816 et
610 2751 887 2817 monasteriorum
925 2751 1176 2836 provisionibus
1200 2752 1418 2819 conficiendis
1444 2752 1477 2817 in
1502 2754 1673 2836 posterum

184 2855 378 2922 huiusmodi
410 2857 611 2941 'specialis
650 2857 870 2924 reservatio
911 2876 1043 2942 semper
1085 2861 1296 2925 enarraretur.
1359 2859 1456 2940 Quae
1495 2861 1673 2926 reservatio

184 2963 338 3046 quamvis
363 2980 422 3047 per
446 2981 482 3029 se
506 2964 548 3029 sit
583 2965 723 3030 omnino
759 2965 973 3049 generalis,
1008 2965 1120 3031 tamen
1144 2966 1177 3030 in
1203 2967 1324 3050 quovis
1348 2984 1427 3032 casu
1451 2965 1600 3033 adhibita
1624 2969 1675 3034 est

184 3069 280 3154 quasi
298 3069 464 3154 specialis.
500 3070 586 3137 Nam
603 3072 882 3156 quotiescumque
899 3071 1070 3156 provisum
1087 3074 1138 3138 est
1154 3073 1314 3139 ecclesiae
1331 3073 1462 3140 cuidam
1480 3092 1539 3159 per
1551 3073 1672 3141 Sedem

143 3195 146 3200 ·
182 3175 412 3261 Apostolicam
449 3196 581 3262 semper
615 3178 770 3263 legimus,
806 3178 898 3263 quod
934 3178 1020 3245 dicta
1056 3180 1195 3246 ecclesia
1224 3181 1347 3247 iamin
1372 3182 1469 3247 antea
1496 3181 1594 3258 ,hac“
1621 3181 1672 3247 vel

186 3301 245 3359 ,ea
285 3283 375 3350 vice“
418 3286 583 3350 reservata
617 3284 714 3351 fuerit
748 3284 964 3371 dispositioni
1000 3284 1097 3352 Sedis
1133 3286 1359 3372 Apostolicae.
1422 3286 1573 3354 Stabilita
1613 3289 1674 3354 hac

182 3390 361 3474 generali
385 3391 626 3457 beneficiorum
651 3393 873 3459 reservatione
897 3410 958 3478 pro
981 3395 1066 3459 tota
1089 3392 1269 3460 Ecclesia
1294 3395 1413 3461 mirum
1439 3414 1507 3461 non
1533 3398 1592 3474 est,
1616 3412 1674 3461 cur

182 3498 309 3564 ceterae
347 3499 589 3565 reservationes
628 3500 802 3583 generales
842 3500 875 3565 in
916 3500 1055 3566 diversis
1094 3501 1263 3567 territoriis
1298 3501 1469 3575 Romanae
1505 3502 1671 3568 Ecclesiae

182 3604 340 3671 subiectis
365 3623 434 3670 non
459 3605 603 3689 amplius
626 3606 748 3672 fuerint
771 3610 980 3691 prorogatae.

287 3712 351 3778 Die
371 3713 399 3777 1.
418 3711 508 3796 Sept.
529 3712 643 3799 13631)
668 3714 846 3779 reservavit
870 3714 933 3780 sibi
958 3714 1004 3780 ad
1029 3715 1135 3780 vitae
1160 3714 1246 3782 dies
1270 3717 1497 3802 provisionem
1520 3716 1670 3781 omnium

181 3818 424 3886 beneficiorum
483 3819 755 3887 Cardinalium
815 3839 946 3887 necnon
1004 3821 1210 3889 Officialium
1257 3822 1529 3909 Apostolicorum
1575 3823 1595 3888 i.
1642 3842 1670 3889 e.

180 3926 521 4006 vicecancellarii,
575 3928 798 4007 camerarii,
853 3929 1119 4009 notariorum,
1174 3931 1398 3996 auditorum
1445 3930 1669 3996 litterarum

244 4121 267 4189 1)
286 4121 430 4177 Nominata
458 4123 492 4176 sit
520 4121 571 4175 hoc
597 4122 658 4175 loco
686 4122 766 4174 etiam
795 4121 950 4174 constitutio
977 4121 1079 4176 Urbani
1099 4123 1132 4176 V.
1152 4123 1267 4194 legenda
1295 4125 1322 4176 in
1351 4121 1438 4176 Cena
1466 4121 1597 4176 Domini
1626 4121 1670 4174 die

180 4210 223 4265 30.
241 4211 330 4266 Martii
352 4210 419 4266 1363
447 4211 515 4265 facta
544 4213 571 4264 in
597 4210 766 4264 securitatem
794 4208 979 4263 accedentium
1008 4210 1041 4263 ad
1062 4210 1170 4265 Curiam
1189 4212 1334 4272 Romanam
1354 4211 1398 4265 vel
1426 4211 1608 4265 recedentium
1637 4211 1669 4263 ab

181 4300 286 4353 eadem.
299 4330 334 4338 -
346 4300 374 4354 P.
390 4300 442 4354 Vll.
460 4299 495 4354 n⁰
512 4299 554 4354 52.
575 4299 665 4366 Quam
683 4300 834 4353 necessaria
853 4298 1010 4352 huiusmodi
1028 4302 1184 4354 constitutio
1197 4301 1275 4354 dictis
1287 4302 1456 4370 temporibus
1469 4300 1548 4355 fuerit
1561 4300 1671 4369 apparet

181 4402 215 4441 ex
243 4389 357 4443 diversis
384 4391 487 4444 iniuriis
507 4389 655 4459 Romipetis
684 4389 763 4442 illatis
791 4387 824 4441 cf.
845 4388 1017 4441 Lecascheux
1044 4390 1061 4442 l.
1082 4405 1104 4443 c.
1124 4389 1160 4443 n⁰
1188 4389 1247 4444 964.
1285 4389 1427 4444 clettam
1450 4390 1670 4444 constitutionem

181 4476 308 4544 praedicti
328 4477 465 4532 Pontificis
496 4478 687 4548 ,Apostolatus
707 4477 842 4531 officium“
874 4492 910 4531 sc.
930 4478 1141 4532 iurisdictionem
1170 4481 1305 4532 camerarii
1333 4479 1359 4535 S.
1386 4479 1415 4541 R.
1434 4479 1464 4533 E.
1488 4479 1671 4533 continentem

181 4567 271 4620 contra
290 4566 389 4636 piratas
407 4582 478 4622 nova
497 4568 614 4638 pedagia
633 4568 812 4636 imponentes.
841 4596 874 4606 -
906 4566 974 4620 1363
993 4566 1054 4621 Oct.
1077 4568 1108 4621 12
1131 4599 1166 4605 —
1188 4568 1282 4638 Magn.
1301 4568 1371 4622 Bull.
1391 4569 1466 4629 Rom.
1486 4570 1502 4623 l.
1522 4583 1543 4622 c.
1563 4583 1590 4637 p.
1609 4566 1670 4622 520.

246 4655 268 4724 ²)
288 4654 329 4711 Cf.
349 4655 490 4711 Ottenthal
507 4657 524 4712 l.
544 4673 566 4711 c.
586 4672 612 4726 p.
634 4657 666 4710 17
685 4654 720 4709 n⁰
741 4655 808 4720 161);
829 4658 855 4708 11
875 4655 943 4710 Cod.
957 4656 989 4709 V.
1009 4657 1126 4727 legimus
1149 4657 1244 4721 ,111.1d
1265 4657 1352 4713 Junii“
1369 4660 1395 4713 et
1407 4659 1520 4713 verbum
1536 4657 1667 4721 ,11111111ιι

181 4746 319 4800 omittitur.

248 4834 271 4904 ³)
291 4834 332 4890 Cf.
352 4834 417 4907 Reg.
438 4834 524 4890 hven.
544 4834 609 4891 Urb.
628 4836 660 4890 V.
680 4836 698 4890 t.
718 4835 799 4888 4101.
818 4832 906 4889 58010.
945 4834 1085 4903 (,Dudum
1104 4835 1138 4889 fe.
1158 4850 1193 4890 re.
1213 4836 1385 4891 Innocentius
1403 4836 1453 4892 PP.
1474 4837 1545 4906 Vl')

286 4923 355 4979 Cod.
375 4923 404 4978 B.
425 4922 470 4978 fol.
493 4922 544 4979 154
562 4923 598 4978 n⁰
618 4925 676 4980 130.

285 5012 355 5069 Cod.
374 5013 407 5068 V.
427 5012 473 5068 fol.
495 5012 542 5069 101
563 5012 599 5069 t⁰.

242 5103 265 5172 4)
287 5103 328 5160 Cf.
349 5103 490 5158 Ottenlhal
508 5103 526 5161 l.
545 5119 568 5158 c.
587 5120 614 5174 p.
636 5103 668 5158 15
687 5101 722 5156 n⁰
740 5101 786 5158 5a.

243 5192 268 5262 ὅ)
288 5194 390 5248 lbidem
409 5209 435 5263 p.
457 5192 487 5248 ll
508 5191 544 5247 n⁰
564 5194 604 5248 18.

244 5282 267 5351 6)
287 5283 316 5337 11
335 5282 404 5338 Cod.
423 5282 456 5337 V.
475 5284 604 5351 scriptum
623 5282 748 5336 videmus
771 5282 829 5346 ,vel
848 5283 1061 5335 consueverint.“

244 5371 266 5440 ⁷)
288 5371 428 5427 Ottenthal
447 5372 463 5426 l.
483 5387 506 5426 c.
525 5387 551 5441 p.
574 5371 607 5426 l8
626 5369 663 5424 n⁰
683 5371 723 5425 19.
