3720 5932
223 617 290 671 1324
309 617 382 687 sept.
402 619 445 673 21.

221 705 286 777 Reg.
306 706 367 761 Vat.
387 707 403 760 l.
423 722 445 761 c.
465 705 579 762 1⁰333.

893 887 1036 966 Eidem.

324 1045 561 1113 serenitatis
574 1048 637 1112 tue
652 1046 823 1125 litteras,
845 1065 903 1131 per
917 1066 1000 1131 quas
1013 1047 1113 1113 nobis
1130 1048 1341 1113 vacacionem
1357 1047 1556 1115 Olomucen.
1571 1049 1709 1116 ecclesie

220 1153 434 1219 innotescens
459 1154 687 1238 provisionem
710 1154 797 1219 illius
814 1154 874 1220 hac
892 1154 962 1220 vice
986 1155 1143 1220 reservari
1161 1154 1381 1239 disposicioni
1411 1155 1501 1221 sedis
1525 1156 1709 1241 apostolice

219 1260 354 1344 petiisti,
392 1261 538 1345 benigne
575 1261 760 1346 recepimus
796 1263 827 1326 et
863 1261 1087 1327 intelleximus
1123 1260 1309 1345 diligenter.
1379 1261 1517 1346 Regiam
1557 1264 1709 1328 volentes

219 1366 468 1450 providenciam
503 1386 571 1433 non
607 1367 719 1445 latere,
756 1367 847 1451 quod
883 1370 959 1434 ante
995 1368 1219 1452 receptionem
1263 1367 1442 1433 litterarum
1473 1369 1620 1453 ipsarum
1646 1389 1708 1436 nos

219 1472 412 1558 hujusmodi
451 1476 630 1541 vacacione
673 1475 808 1560 prestita
862 1473 1082 1558 disposicioni
1135 1476 1247 1539 nostre
1294 1473 1494 1541 duxeramus
1548 1476 1708 1560 prefatam

218 1579 391 1646 ecclesiam
409 1582 653 1660 reservandam,
669 1581 822 1665 quamvis
838 1600 906 1647 non
923 1580 1136 1646 intendamus
1150 1581 1377 1665 provisionem
1395 1581 1505 1647 eidem
1522 1582 1708 1649 taciendam

218 1686 356 1751 ecclesie
400 1687 566 1754 festinare.
636 1687 800 1768 Quocirca
846 1690 936 1753 tuam
983 1686 1218 1753 celsitudinem
1262 1687 1488 1768 exhortamur,
1543 1692 1708 1772 quatenus

218 1810 396 1876 personam
420 1795 480 1860 tibi
505 1798 632 1880 gratam
657 1796 690 1860 et
714 1793 882 1871 idoneam,
908 1812 973 1878 que
998 1793 1039 1859 ad
1064 1794 1226 1859 honorem
1255 1793 1309 1859 dei
1342 1797 1374 1859 et
1402 1795 1509 1880 ipsius
1533 1796 1707 1861 utilitatem

217 1898 355 1965 ecclesie
391 1901 519 1986 absque
554 1904 667 1967 nostre
696 1901 905 1966 consciencie
937 1900 1065 1966 lesione
1097 1901 1130 1964 in
1155 1904 1271 1967 eadem
1298 1900 1438 1967 ecclesia
1463 1902 1575 1986 prefici
1601 1902 1708 1968 valeat

217 2005 317 2071 nobis
342 2007 477 2074 studeas
502 2008 687 2074 nominare.

321 2130 396 2197 Dat.
421 2131 587 2198 Avinione
611 2132 649 2198 V.
675 2131 806 2198 kalend.
832 2130 988 2198 Octobris
1013 2151 1041 2197 a.
1067 2129 1200 2217 non0.1)

280 2342 302 2408 l)
322 2341 362 2396 Cf.
382 2343 471 2398 Emler
490 2344 506 2398 1.
527 2359 548 2398 c.
569 2342 604 2398 n⁰
625 2344 701 2399 1014.
739 2343 830 2413 (Extr.)

383 2432 476 2488 Dudllr
494 2433 511 2488 1.
531 2449 553 2488 c.
573 2431 670 2487 1⁰79.
708 2432 799 2502 (Extr.)

217 2840 368 2896 133311111
388 2841 413 2895 2.

214 2928 280 3001 Reg.
301 2930 360 2985 Vat.
380 2931 398 2983 t.
420 2929 470 2983 117
489 2927 524 2983 n⁰
541 2928 602 2985 563.

647 3146 779 3225 Eidem
808 3144 898 3249 Regi
928 3144 969 3249 (i.
992 3171 1021 3225 e.
1044 3106 1268 3250 Franciaa).

317 3305 374 3372 Ad
406 3325 465 3385 ca,
513 3325 598 3392 que,
637 3305 686 3372 tili
732 3306 918 3386 carissime,
958 3324 1058 3391 super
1096 3306 1312 3372 ordinacione
1351 3307 1488 3372 ecclesie
1526 3305 1704 3372 Nivernen.

214 3414 466 3499 circumspectio
491 3415 581 3498 regia
605 3414 704 3479 nobis
740 3413 881 3498 scripsit,
917 3413 1059 3478 breviter
1093 3411 1348 3498 respondemus
1385 3412 1488 3498 quod,
1524 3414 1704 3497 antequam

214 3521 457 3607 recepissemus
497 3539 598 3605 super
643 3520 706 3586 hoc
752 3520 874 3586 litteras
914 3520 1038 3604 regias,
1086 3523 1221 3606 propter
1259 3521 1438 3587 multorum
1478 3520 1703 3605 importunam

214 3629 411 3694 instanciam
436 3627 535 3694 simul
560 3627 655 3712 quasi
681 3627 881 3693 instancium
911 3645 971 3711 pro
996 3626 1147 3706 diversis,
1179 3627 1243 3693 deo
1268 3627 1495 3712 promisimus,
1521 3625 1613 3710 quod
1640 3643 1703 3692 nos

214 3753 283 3801 non
307 3735 602 3800 intromitteremus
626 3733 668 3800 de
692 3733 778 3801 dicta
803 3733 941 3800 ecclesia
966 3734 1028 3800 ista
1045 3733 1127 3812 vice,
1153 3733 1374 3811 intendentes,
1401 3732 1492 3818 quod
1509 3730 1703 3817 capitulum,

213 3841 255 3907 ad
281 3860 367 3926 quos
398 3842 483 3924 [sict]
507 3841 624 3907 electio
649 3840 691 3906 de
720 3841 789 3906 iure
814 3840 966 3925 pertinet,
998 3843 1097 3925 prout
1119 3840 1285 3906 videretur
1308 3840 1356 3906 eis
1384 3839 1539 3925 expedire
1564 3838 1703 3905 ecclesie

213 3948 389 4027 ordinaret,
415 3967 516 4033 quare
539 3965 603 4013 nos
628 3947 750 4013 habeat
772 3946 986 4031 providencia
1010 3947 1100 4031 regia
1125 3965 1225 4032 super
1249 3947 1313 4012 hoc
1336 3948 1522 4012 excusatos.

316 4072 440 4138 Datum
464 4071 631 4138 Avinione
653 4071 705 4137 Vl.
730 4088 810 4137 non.
835 4070 915 4136 Maii
941 4089 969 4137 a.
994 4070 1126 4138 decimo
1151 4071 1306 4156 septimo.

939 4372 974 4452 5.

212 4497 277 4552 1321
299 4496 372 4567 sept.
391 4497 418 4552 9.

210 4585 276 4657 neg.
294 4585 355 4641 vn.
374 4586 392 4640 t.
414 4586 461 4640 111
483 4584 529 4640 101.
549 4583 636 4640 9110.

630 4815 691 4897 Ad
720 4821 939 4920 perpetuam
968 4822 1019 4895 rei
1048 4821 1280 4895 memoriam.

312 4977 502 5044 Militanti
527 4977 698 5045 ecclesie
723 4977 924 5063 disponente
949 4976 1088 5042 domino
1113 4975 1188 5042 licet
1204 4974 1358 5040 immeriti
1376 4971 1594 5059 presidentes,
1618 4973 1702 5039 circa

209 5103 321 5152 curam
356 5085 507 5152 omnium
544 5083 756 5151 ecclesiarum
789 5084 927 5150 solercia
960 5083 1128 5150 reddimur
1166 5081 1333 5147 indelessa
1370 5080 1508 5158 soliciti,
1544 5082 1580 5144 ut
1611 5080 1701 5146 iuxta

210 5192 386 5278 pastoralis
416 5192 518 5258 oiticii
555 5190 704 5256 debitum
741 5190 855 5257 crediti
889 5191 988 5256 nobis
1023 5189 1136 5274 gregis
1161 5188 1321 5255 dominici
1356 5186 1542 5253 custodiam
1567 5186 1703 5252 viriliter

209 5318 322 5385 gerere
351 5298 465 5365 divina
496 5299 697 5383 cooperante
732 5296 912 5363 clemencia
945 5294 1138 5362 studeamus
1164 5298 1196 5362 et
1220 5313 1426 5381 quamquam
1458 5290 1593 5359 assidue
1618 5294 1701 5359 circa
