1023 1631
497 146 520 162 ⁷0

137 198 240 219 generaliter,
269 198 325 219 aliqua
351 202 391 215 vero
420 198 519 220 specialiter,
550 198 654 214 inhibicione
684 202 704 214 ac
734 197 800 214 decreto
835 201 885 219 super

137 225 169 241 hiis
192 225 299 246 interpositis,
317 224 415 244 reservavit,
442 229 515 246 quorum
542 224 610 246 quidem
628 224 734 246 dignitatum,
757 225 884 246 personatuum,

137 251 236 271 officiorum,
255 251 389 271 canonicatuum,
410 251 534 272 prebendarum
561 251 578 267 et
596 251 716 268 beneficiorum
734 251 884 268 ecclesiasticorum

138 279 263 298 reservatorum,
287 279 305 294 ut
322 278 406 299 prefertur,
430 282 460 299 per
482 282 522 294 eum
539 278 620 294 nonnulla
638 278 714 299 tempore
732 278 757 294 sui
777 278 834 294 obitus
851 278 884 294 iam

137 305 223 325 vacabant,
235 305 256 321 de
265 305 326 326 quibus
338 309 368 326 per
380 309 423 324 eum,
435 304 474 321 dum
483 305 529 324 vixit,
539 309 646 326 nequaquam
655 304 708 321 mitit
721 304 820 321 ordinatum.
841 304 884 321 Cum

137 332 197 351 autern,
210 331 253 348 sicut
265 331 381 351 intelleximus,
394 331 415 348 ab
427 331 512 352 aliquibus
525 331 542 347 in
551 331 621 348 dubium
633 331 724 351 revocetur,
736 336 758 348 an
770 331 809 352 post
821 331 884 347 dictum

137 358 201 375 obitum
221 358 282 379 aliquis
306 358 360 379 preter
383 358 477 376 Romanurn
496 358 593 379 poniificem
611 358 633 374 de
651 358 748 374 huiusmodi
768 358 883 379 dignitatibus,

137 385 260 406 personatibus,
278 384 344 404 officiis.
361 385 492 404 canonicatibus,
510 384 601 406 prebendis
619 385 635 401 et
652 384 689 401 aliis
705 385 782 406 predictis
797 384 884 401 beneficiis

137 411 259 431 ecclesiasticis,
277 411 318 428 sicut
337 411 440 432 premittitur,
458 412 545 428 reservatis
560 412 575 428 et
592 412 669 432 tempore
687 411 744 428 obitus
761 411 884 432 predecessoris

137 438 212 459 ejusdem
228 438 325 454 vacantibus
341 438 431 459 disponere
447 438 520 459 potuerit
535 438 570 455 sive
583 438 641 459 possit.
668 438 705 454 Nos
717 438 822 454 attendentes
834 438 884 454 verba

137 465 239 484 huiusmodi,
248 464 310 481 scilicet
319 464 383 484 ,donec
391 465 505 481 miseracionis
515 465 571 481 divine
583 464 683 481 clemencia·‘
697 465 727 481 etc.
740 465 757 481 in
769 465 884 481 reservacione

137 491 209 512 predicta
225 492 307 511 contenta,
326 496 368 508 sano
386 496 437 512 posse
450 491 534 508 intellectu
552 491 606 507 referri
618 491 704 508 dumtaxat
715 491 736 507 ad
750 491 835 511 beneficia,
851 496 884 512 que

137 519 193 534 essent
201 518 276 534 eiusdem
286 518 408 539 predecessoris
421 518 476 534 obitus
484 518 561 539 ternpore
568 519 651 534 vacatura.
670 518 800 534 Considerantes
809 522 884 539 quoque,

137 544 183 566 quod
196 545 232 566 ipse
245 544 345 564 intendebat,
358 545 375 561 ut
387 545 464 566 superius
477 545 502 561 est
510 545 617 566 premissum,
632 544 652 561 de
661 544 758 561 huiusmodi
769 544 883 566 dignitatibus,

137 571 259 593 personatibus,
268 571 334 591 officiis,
343 571 475 591 canonicatibus,
484 571 574 592 prebendis
583 572 599 587 et
607 571 694 588 beneficiis
703 576 732 593 per
741 571 785 588 sedis
792 571 884 592 apostolice

137 598 261 619 providenciam
274 598 346 614 ordinari
359 598 375 614 et
387 598 433 619 quod
446 603 480 614 non
492 599 518 614 est
532 598 626 617 verisimile,
646 598 692 619 quod
704 598 741 619 ipse
753 598 820 614 alterius
833 603 883 619 quam

137 629 167 641 sue
180 624 284 641 condicionis
296 624 346 641 vellet
359 629 465 641 successores
478 629 520 641 suos
532 625 601 641 existere
614 625 631 641 in
643 625 674 641 hac
686 626 736 646 parte.
756 624 782 642 Ad
790 624 883 641 tollendum

137 651 193 668 omnis
205 651 318 672 ambiguitatis
334 651 436 672 scrupulum,
450 652 507 668 tenore
523 652 627 672 presencium
640 651 749 671 declaramus,
762 651 883 673 patriarchales,

137 678 293 699 archiepiscopales,
311 678 417 699 episcopales
430 679 446 694 et
458 678 554 694 abbaciales
566 678 656 699 dignitates
674 683 693 695 ac
705 679 810 699 personatus,
823 678 883 698 officia,

137 705 250 723 canonicatus,
269 705 362 726 prebendas
380 706 397 721 et
414 705 495 721 beneficia
514 705 546 721 alia
562 705 662 726 supradicta,
680 709 713 726 que
726 705 749 721 sic
761 706 843 721 reservata
855 709 885 726 per

138 732 193 753 ipsum
206 732 342 753 predecessorem
354 732 435 752 tempore,
448 736 482 753 quo
495 732 532 753 ipse
544 732 574 748 tuit
582 732 603 748 ab
612 732 644 748 hac
651 731 688 748 luce
697 732 795 752 subtractus,
803 732 885 748 vacabant

137 758 238 775 remansisse
251 763 270 775 ac
282 763 366 775 remanere
378 763 408 779 per
425 758 523 775 huiusmodi
541 759 673 775 reservflcionem
691 760 707 775 et
724 758 808 775 decretum
821 758 884 778 attecta,

137 785 236 806 nullumque
252 785 273 801 de
291 785 323 801 illis
341 785 396 806 preter
408 784 501 803 Romanum
515 785 611 806 pontificem
627 790 646 802 ea
658 785 694 802 vice
706 785 782 806 potuisse
795 785 821 801 vel
833 789 884 806 posse

138 812 227 834 disponere
240 812 368 834 quoquomodo,
381 811 489 829 decernentes
502 812 564 829 irritum
578 812 594 829 et
602 812 657 833 inane,
670 812 749 834 quicquid
758 812 774 829 in
784 812 884 829 contrarium

138 844 147 856 a
163 844 255 860 quoquam,
267 839 326 860 quavis
343 839 443 859 auctoritate,
462 839 533 856 scienter
548 839 573 856 vel
591 840 688 861 ignoranter
699 840 815 861 attemptatum
827 839 883 856 forsan

138 866 162 882 est
174 866 254 882 hactenus
267 866 293 883 vel
310 866 398 887 contigerit
414 866 525 887 imposterum
544 866 641 887 attemptari.
670 866 716 883 Nulli
735 871 775 887 ergo
787 867 816 882 etc⁴

192 893 253 909 Datum
265 892 349 909 Avinione
361 893 399 909 XIII.
412 893 443 909 kal.
455 892 501 909 Junii
515 897 529 909 at
542 893 602 914 primo.

495 995 528 1015 27.

140 1039 174 1053 1342
184 1039 221 1057 Sept⁴
231 1040 243 1053 2.

138 1062 170 1079 Reg.
180 1062 223 1075 Aven.
234 1061 276 1075 Clem.
287 1062 308 1075 VI.
319 1062 328 1075 t,
339 1062 350 1075 l⁴
360 1062 383 1075 ful.
393 1062 423 1075 339.

191 1102 256 1118 Dilecto
269 1102 304 1118 iilio
316 1102 365 1118 Petro
378 1102 457 1122 Conradi,
469 1102 552 1119 canonico
564 1102 701 1122 Wratislauiensi,
714 1102 784 1118 salutem
796 1102 826 1118 etc.

191 1133 311 1149 Laudabile
324 1133 474 1152 testimonium,
487 1133 534 1154 quod
546 1134 575 1150 tibi
588 1133 633 1154 apud
646 1138 677 1150 nos
690 1133 710 1150 de
723 1133 809 1154 probitatis
822 1133 884 1149 meritis

138 1160 261 1180 tidedignorum
272 1160 369 1176 testimonio
378 1160 478 1181 perhibetur,
491 1160 581 1181 benignius
596 1160 706 1179 attendentes,
719 1160 787 1181 dignum
801 1160 884 1180 duximus,

139 1187 155 1202 ut
173 1186 193 1203 ad
212 1191 301 1207 personam
314 1187 359 1203 tuam
372 1187 463 1208 apostolice
476 1187 579 1203 liberalitatis
590 1187 674 1203 dexteram
681 1186 795 1203 extendamus.
815 1186 884 1203 Dudum

139 1213 152 1229 si
168 1213 235 1234 quidem
254 1213 306 1229 felicis
322 1213 444 1230 recordacionis
458 1213 546 1230 lohannes
564 1218 607 1235 papa
619 1213 666 1229 xxn.
679 1213 787 1234 predecessor
799 1214 856 1229 noster
867 1213 884 1229 in

139 1240 173 1256 suis
195 1240 299 1261 apostolatus
323 1240 418 1261 primordiis
440 1245 500 1257 omnes
519 1240 626 1257 canonicatus
644 1241 660 1256 et
678 1240 777 1261 prebendas,
797 1241 884 1261 ceteraque

139 1266 219 1283 beneficia
248 1266 364 1286 ecclesiastica,
388 1272 421 1288 que
446 1268 485 1284 tunc
505 1267 550 1288 apud
574 1267 683 1288 apostolicam
702 1267 759 1283 sedern
783 1271 885 1288 quocunque

139 1293 190 1310 modo
209 1293 291 1310 vacabant
310 1294 326 1310 et
344 1298 376 1315 que
394 1295 454 1310 extunc
471 1294 487 1310 in
507 1295 561 1313 antea,
580 1294 634 1310 donec
652 1293 712 1310 Christi
725 1293 816 1314 dignitacio
829 1294 884 1315 ipsum

134 1320 234 1341 dignaretur
257 1320 355 1337 universalis
379 1321 448 1337 ecclesie
472 1325 536 1342 sponse
560 1325 589 1337 sue
613 1320 690 1341 regimini
714 1320 803 1341 presidere,
826 1325 884 1337 vacare

139 1347 242 1367 contingeret
265 1347 309 1367 apud
333 1352 375 1367 earn,
396 1347 488 1368 provisioni
512 1352 542 1363 sue
562 1347 658 1363 auctoritate
679 1347 771 1368 apostolica
791 1347 884 1367 reservavit,

139 1373 230 1389 decernens
243 1374 302 1389 extunc
314 1374 375 1390 irritum
388 1374 404 1390 et
416 1374 471 1393 inane,
484 1374 497 1390 si
510 1378 559 1390 secus
568 1378 618 1395 super
626 1374 658 1390 hiis
667 1378 696 1395 per
706 1378 816 1394 quoscunque
825 1374 884 1394 quavis

139 1400 235 1416 auctoritate
253 1400 323 1416 scienter
340 1400 365 1416 vel
384 1400 479 1421 ignoranter
496 1401 612 1421 attemptatum
631 1400 687 1417 forsan
707 1401 752 1417 esset
766 1400 846 1416 hactenus
858 1400 884 1417 vel
