1023 1631
787 73 977 156 Ἴ

510 147 545 163 1OE

511 216 544 237 49.

156 247 191 262 iasa
199 247 232 262 Mna
242 248 263 262 ιε.

154 269 400 289 κεινήιηωοιῑιιιαει

364 301 394 322 Ad
409 302 520 328 perpetuam
535 303 559 321 rei
575 303 692 322 memoriam.

208 337 282 354 Pastoris
294 337 351 357 eterni,
363 337 410 354 cuius
427 337 465 354 licet
482 337 560 354 immeriti
577 337 622 354 vices
634 337 651 354 in
666 337 713 354 terris
731 337 810 359 gerimus,
822 337 904 354 doctrinis

155 364 251 381 instruimur
263 364 333 386 eiusque
345 364 445 381 salutaribus
458 364 527 380 monitis
539 364 634 384 edocemur,
647 364 665 380 ut
676 364 737 381 ovibus
746 364 803 385 gregis
816 364 903 384 dominici,

156 395 198 413 quas
210 391 315 413 propriorum
327 391 413 412 pastorum
425 391 489 407 solacio
501 391 616 412 conspicimus
628 391 721 410 destitutas,
733 395 754 407 ex
765 391 840 407 iniuncto
852 390 904 407 nobis

155 417 249 439 apostolice
266 417 349 434 servitutis
367 417 423 434 officio
441 417 529 438 providere
545 417 566 433 de
581 417 672 434 rectoribus
687 417 759 439 ydoneis
775 418 791 434 et
807 417 903 439 pastoribus

156 444 228 466 propriis
240 443 342 460 studeamus.
366 443 409 460 Cum
422 444 477 465 itaque
486 444 668 465 nonnullissspersouis,
680 444 798 461 cathedralium
807 444 823 460 et
833 444 903 461 aliarum

155 470 261 488 ecclesiarum
280 475 299 487 ac
316 471 455 487 monasteriorum
468 470 578 492 regiminibus
593 470 716 492 presidentibus
733 475 800 487 necnon
812 471 903 492 prelaturas

155 497 196 514 alias
208 502 227 514 ac
239 497 326 519 prioratus,
339 497 435 518 dignitates,
447 498 553 518 personatus,
568 497 729 517 administraciones,
741 497 802 517 officia.
818 497 903 517 ecclesias

155 524 191 541 loca
204 524 220 541 et
232 524 312 541 beneficia
324 524 440 544 ecclesiastica,
453 524 534 541 secularia
546 529 575 541 seu
588 524 674 545 regularia,
692 524 812 544 obtinentibus,
825 524 856 540 alia
868 524 903 540 tarn

155 550 258 568 cathedrales
274 555 323 572 quam
342 551 374 567 alie
389 550 463 570 ecclesie,
479 551 586 570 monasteria,
601 551 687 572 prelature,
703 551 791 572 prioratus,
807 550 903 572 dignitates,

156 578 260 599 personatus,
278 577 438 597 administraciones,
456 577 511 594 officia
530 578 546 594 et
563 578 645 594 beneticia
663 578 713 599 atque
734 577 770 594 loca
792 577 904 594 ecclesiastica

156 604 236 621 secularia
252 605 269 621 et
284 604 369 625 regularia,
388 608 417 625 per
436 604 517 625 inprobas
538 604 631 625 peticiones
652 605 668 620 et
685 604 790 625 importunas
812 604 903 620 instancias

156 631 183 648 aut
201 631 242 648 alias
260 631 319 647 tuerint
336 631 416 647 hactenus
434 631 531 647 auctoritate
549 631 642 652 apostolica
659 631 777 647 commendata
789 631 805 647 et
817 630 904 647 nonnullis

156 658 208 674 eciam
231 658 265 674 tarn
288 657 412 679 presidentibus
431 657 542 678 regiminibus
562 657 648 674 antedictis
672 662 722 678 quam
746 657 783 674 aliis
806 657 903 679 prelaturas,

156 684 250 706 dignitates,
269 685 374 705 personatus,
389 684 551 704 administraciones,
567 684 626 703 officia,
642 684 725 704 ecclesias,
741 684 778 701 loca
790 684 806 700 et
822 684 904 700 beneiicia

156 711 236 728 secularia
244 712 260 727 et
268 711 349 732 regularia
358 711 478 730 obtinentibus,
487 710 534 731 quod
543 710 575 727 alia
583 710 678 732 prelaturas,
691 711 785 732 dignitates,
798 711 903 732 personatus,

157 737 317 757 udministraciones,
335 737 395 757 officia,
413 737 491 759 ecclesias
508 738 546 754 loca
558 738 574 754 et
586 737 668 754 beneficia
682 738 793 754 ecclesiastica
806 737 904 754 huiusmodi

156 765 191 781 tum
201 764 238 784 illis,
251 769 321 785 quorum
331 764 439 785 regiminibus
448 764 561 785 presidebant,
573 765 601 780 aut
613 769 651 785 que,
664 765 681 780 ut
690 764 793 785 premittitur,
805 764 904 781 obtinebant

157 791 206 808 simul
218 790 239 807 ad
251 791 313 807 certum
326 791 392 812 tempus
405 795 434 807 seu
448 790 468 807 ad
481 791 605 812 beneplacitum
621 791 713 812 apostolice
726 791 771 807 sedis
783 791 811 807 aut
823 790 904 812 quamdiu

157 820 243 840 preessent
251 819 292 835 locis
301 819 317 835 et
326 818 435 840 regiminibus
443 818 543 840 supradictis
552 823 581 835 seu
590 819 686 839 prelaturas,
695 819 790 840 dignitates,
799 819 904 840 personatus,

157 845 317 865 administraciones,
337 845 392 862 otiicia
409 850 438 862 seu
458 845 541 862 beneficia
561 845 633 866 predicta
653 846 752 865 obtinerent,
773 845 815 862 licite
835 845 904 861 retinere

157 872 235 892 valerent,
255 872 300 893 quod
321 872 362 888 alias
382 872 418 888 sine
438 872 568 893 dispensacione
588 872 668 888 canonica
688 877 722 888 non
742 872 825 892 valebant,
845 872 904 888 eadem

157 899 253 916 auctoritate
270 903 369 915 concessum
388 899 463 915 extiterit.
486 898 523 915 Nos
536 898 646 918 attendentes,
659 898 704 920 quod
717 899 806 915 occasione
818 903 904 915 commen-

157 925 214 942 darum
227 926 243 942 et
255 925 384 942 concessionum
397 925 493 942 huiusmodi
507 925 524 941 in
537 925 658 942 commendatis
671 927 687 941 et
699 926 767 942 retentis
779 925 849 945 eisdem,
862 925 904 942 sicut

157 952 261 973 experiencia
274 952 335 972 docuit,
353 952 370 968 ut
388 952 477 973 plurimum
496 951 563 968 divinus
576 952 630 968 cultus
642 952 722 968 minuitur
740 952 832 968 animarum
845 952 862 968 in
874 952 904 972 eis,

158 979 219 1001 quibus
230 979 305 995 imminet
314 983 352 995 cura
361 979 469 1000 negliguntur
477 978 536 1000 (sic)¹),
549 979 654 1000 hospitalitas
666 979 746 995 consueta
759 980 775 995 et
787 979 857 1000 debssa’)
870 983 904 995 non

157 1006 243 1023 servantur
248 1005 301 1027 (sic)³)
306 1006 358 1022 ruinis
364 1005 428 1022 edificia
434 1006 495 1026 patent,
500 1005 575 1026 ipsorum
580 1005 615 1021 iura
620 1005 636 1021 in
645 1006 759 1026 spiritualibus
764 1006 780 1022 et
784 1005 904 1027 temporalibus

157 1032 266 1049 collabuntur.
294 1032 317 1049 Ac
340 1033 427 1053 propterea
451 1032 549 1048 huiusmodi
573 1032 621 1048 malis
645 1036 729 1048 occurrere
753 1033 768 1048 et
792 1032 865 1049 ecclesiis
889 1032 905 1048 et

158 1059 268 1078 monasteriis,
282 1059 373 1080 preiaturis,
386 1058 472 1075 beneficiis
492 1059 508 1074 et
528 1058 564 1074 aliis
584 1058 662 1079 predictis
682 1059 735 1075 taliter
750 1059 871 1075 commendatis
889 1059 905 1075 et

158 1086 225 1102 retentis
245 1086 265 1102 de
286 1086 381 1107 pastoribus
394 1086 409 1101 et
421 1085 511 1102 rectoribus
533 1085 609 1106 propriis,
630 1085 658 1106 qui
679 1086 703 1102 eis
723 1085 808 1107 preesse4)
826 1085 878 1101 velint
890 1086 905 1102 et

158 1112 223 1129 valeant
236 1111 326 1133 previdere,
339 1117 359 1128 ex
371 1112 457 1133 premissis
470 1112 485 1128 et
500 1111 538 1128 aliis
556 1112 603 1128 certis
621 1112 739 1128 racionabibus
757 1112 817 1131 causis,
835 1112 855 1128 ad
874 1112 906 1128 hoc

158 1139 231 1156 animum
263 1140 337 1155 nostrum
369 1138 494 1158 inducentibus,
523 1138 642 1161 nonnullorum
670 1143 738 1159 quoque
768 1139 904 1159 predecessorum

158 1166 252 1183 nostrorum
265 1165 378 1184 Romanorum
392 1165 492 1182 Pontificum
505 1165 522 1181 in
535 1165 565 1181 hac
578 1166 623 1186 parte
636 1165 711 1186 vestigiis
724 1165 824 1185 inherentes,
840 1165 905 1186 digesta

158 1197 208 1214 super
220 1192 251 1209 hoc
263 1192 385 1209 deliberacione
397 1192 449 1208 eciam
462 1196 499 1208 cum
512 1192 589 1208 tratribus
602 1192 663 1208 nostris
676 1191 736 1208 Sancte
750 1192 824 1210 Romane
837 1192 906 1208 ecclesie

158 1219 270 1236 cardinalibus
283 1219 374 1240 prehabita,
387 1223 447 1235 ornnes
459 1219 474 1234 et
486 1218 582 1239 singulosfi)
595 1218 633 1240 (sic)
645 1218 754 1235 commendas
763 1220 778 1235 et
787 1219 905 1235 concessiones

158 1245 255 1263 huiusmodi
273 1246 294 1262 de
312 1246 446 1267 quibuscumque
464 1245 588 1261 cathedralibus
606 1245 631 1261 vel
650 1245 687 1261 aliis
705 1245 779 1262 ecclesiis
800 1245 905 1262 monasteriis

158 1273 250 1295 prelaturis,
263 1272 369 1294 prioratibus,
382 1272 496 1293 dignitatibus,
512 1272 636 1293 personatibus,
649 1272 831 1292 administracionibus,
844 1272 904 1288 oiiiciis

158 1300 174 1316 et
182 1299 269 1316 beneficiis
278 1303 296 1315 ac
305 1299 345 1315 locis
358 1298 479 1318 ecclesiasticis,
492 1298 595 1314 secularibus
604 1299 630 1315 vel
639 1299 748 1320 regularibus,
760 1303 905 1320 quorumcumque

158 1326 235 1343 ordinum
254 1330 361 1347 quocumque
380 1326 448 1342 nomine
460 1326 560 1341 censeantur
572 1329 592 1341 ex
604 1325 739 1346 quibuscumque
757 1325 906 1346 predecessoribus

159 1353 220 1369 nostris
244 1352 324 1371 Romanis
348 1352 458 1369 Pontificibus
484 1352 620 1373 quibuscumque
648 1352 725 1373 personis
752 1352 854 1368 secularibus
880 1352 906 1368 vel

160 1379 263 1400 regularibus
281 1379 401 1400 cuiuscumque
419 1378 506 1399 dignitatis
519 1379 572 1394 status
590 1379 654 1395 ordinis
666 1379 692 1395 vel
705 1378 810 1395 condicionis
826 1378 906 1395 exsistant

159 1411 189 1427 per
201 1406 269 1422 Litteras
282 1405 389 1427 Apostolicas
401 1405 426 1421 vel
445 1409 501 1421 eamrn
521 1405 623 1425 auctoritate,
641 1407 658 1422 ut
676 1406 780 1427 premittitur,
798 1406 829 1422 sub
847 1405 906 1426 quavis
