1023 1631
524 130 544 146 ⁷6

162 181 268 203 presencium
287 181 349 199 talibus
370 182 398 199 vel
420 186 477 198 eorum
500 182 550 198 alicui
569 181 684 198 absolucionis
703 181 803 198 beneiicium
823 181 845 198 de
863 181 909 198 tacto

162 208 260 230 impendere
282 208 419 230 presumpserint,
446 208 627 226 excommunicacionis
650 209 667 225 et
689 208 800 225 anathematis
822 208 909 225 sentencia

162 235 264 252 innodamus
284 235 343 256 eisque
370 235 483 252 interdicimus
507 234 635 257 predicacionis,
656 235 738 255 lectionis,
757 234 909 252 administracionis

162 262 302 278 sacramentomm
324 262 341 278 et
365 261 445 279 audiendi
464 262 581 279 coniessiones
607 261 686 282 officium,
709 261 814 283 predicentes
833 266 843 278 a
862 261 910 283 parte

162 288 313 310 transgressoribus
334 289 351 305 et
369 289 514 310 contemptoribus
534 288 642 310 supradictis.
664 293 696 305 nos
715 289 783 310 gravius
802 289 859 305 contra
878 293 909 305 eos

162 315 269 336 spiritualiter
277 315 293 332 et
300 315 417 337 temporaliter,
429 315 479 337 prout
487 315 566 337 expedire
578 315 674 335 viderimus,
682 319 796 336 processuros.
819 314 842 332 Ut
853 315 909 332 autem

164 341 260 358 huiusmodi
278 342 330 358 nostri
348 346 437 363 processus
455 342 475 358 ad
493 346 601 359 communem
617 342 693 359 omnium
709 342 788 358 noticiam
800 341 909 361 deduoentur.

163 368 215 385 cartas
233 368 268 385 sive
286 368 397 389 membranas,
411 373 499 390 processus
518 369 623 385 continentes
641 368 710 385 eosdem
725 369 742 385 in
759 368 828 385 maioris
840 368 910 385 ecclesie

163 394 285 412 Avinionensis
291 395 365 416 appendi
371 395 397 412 vel
406 395 451 417 affigi
460 395 521 412 hostiis
529 395 565 412 sive
573 395 677 412 liminaribus
686 395 771 415 iaciemus,
780 400 813 416 que
819 399 909 416 processus

164 421 211 442 ipsos
223 426 254 438 suo
267 422 315 443 quasi
327 427 390 439 sonoro
403 422 482 443 preconio
495 423 511 438 et
524 422 581 443 patulo
593 422 655 443 judicio
668 422 782 443 publicabunt,
801 422 819 438 ut
835 421 910 443 predicti,

164 452 207 469 quos
222 448 255 469 ipsi
269 453 358 470 processus
370 449 474 470 contingent.
480 448 500 470 ¹⁰)
516 449 578 465 nullam
591 449 657 470 possint
669 449 796 465 excusacionem
812 448 910 470 pretendere

163 475 190 491 vel
202 475 317 496 ignoranciam
326 475 407 496 allegare,
419 475 465 496 quod
474 475 495 492 ad
504 480 535 492 eos
547 480 636 497 processus
648 475 745 492 huiusmodi
757 480 792 491 non
804 475 910 498 pervenerint

163 501 190 518 vei
202 502 248 523 quod
261 502 374 523 ignoraverint
386 502 461 522 eosdem,
473 506 510 519 cum
524 507 558 518 non
571 502 592 518 sit
600 502 694 522 verisimile,
703 506 788 518 remanere
797 501 853 523 quoad
863 502 910 523 ipsos

164 528 267 550 incognitum
286 529 311 545 vel
329 529 418 548 occultum,
436 529 481 550 quod
499 529 534 545 tam
552 529 626 550 patenter
644 529 723 545 omnibus
741 528 789 545 tuerit
801 529 909 550 publicatum.

216 555 275 572 Actum
287 555 371 572 Avinione
383 556 399 572 in
412 556 474 577 palatio
487 556 545 572 nostro
558 556 651 577 apostolico
663 555 680 572 in
693 555 720 572 die
729 555 775 572 Cene
788 555 852 572 domini
862 555 910 576 pont*

163 582 215 598 nostri
228 587 242 598 a.
255 582 319 603 quarto,

194 616 205 634 ι)
214 621 282 631 cursores:
292 617 308 631 ν.

195 639 207 656 ¹)
217 639 258 654 verba
270 639 316 655 .1tem·
328 643 371 657 usque
381 640 398 653 ad
409 640 495 657 ,imponunt'
507 640 557 653 desunt
566 641 580 653 tn
590 640 606 654 V.
629 652 631 654 ,

194 661 206 678 ε)
238 668 244 673 ,
292 667 298 673 .
389 668 395 673 -
409 662 504 680 ,impugnam-
531 668 537 673 -
571 668 576 673 .
591 662 607 675 νΔ

194 683 206 701 ⁴)
216 684 283 697 dimittere
293 683 315 701 (i):
324 684 341 698 v.

195 705 206 723 ⁵)
216 707 246 720 tine
255 706 319 720 mandato
329 706 350 723 (!):
360 706 376 720 V.

196 728 208 745 θ)
218 728 263 742 deest:
272 728 289 742 V.

197 750 208 767 ⁷)
217 750 246 764 vet:
256 750 272 764 v.

197 771 209 790 θ)
219 772 263 786 deut:
273 772 289 786 V⁴

197 794 208 812 ¹)
217 798 225 808 a
235 795 323 812 quibusdam:
333 795 349 809 v.

190 817 207 835 1⁰)
218 818 294 836 oontigerlt:
304 818 318 836 (i)
329 818 345 832 V.

548 850 558 860 ἦ·

165 875 198 889 1³41
209 875 240 889 οοι,
249 875 271 890 23.
515 850 546 870 24'
558 850 565 876 )

165 897 199 911 αμαΔ
208 897 224 911 E.
233 897 256 911 τοι.
267 897 341 911 ros-103.

165 929 289 952 Constitutio,
307 929 360 954 quod
374 930 493 955 impetrantes
510 931 530 949 in
544 930 604 949 forma
620 935 724 955 pauperum
739 936 778 949 non
793 930 913 950 admittantur

206 961 225 979 in
239 960 321 980 ecclesiis
335 960 443 986 collegiatis,
458 962 477 979 in
492 961 561 986 quibus
575 967 662 986 grossum
677 961 814 986 prebendarum
829 967 872 980 cum

166 991 330 1011 distribucionibus
345 992 449 1011 cottidianis
464 992 557 1011 excedunt
573 998 665 1011 summam
685 992 784 1011 litterarum
804 992 913 1018 ipsorum.¹)

280 1027 393 1046 Benedictus
408 1028 441 1046 etc.
470 1027 501 1046 Ad
516 1028 625 1052 perpetuam
641 1029 665 1047 rei
680 1029 796 1047 memoriam.

218 1066 246 1083 Ad
255 1067 358 1088 providam
369 1067 571 1088 circumspectionem
581 1067 626 1084 sedis
633 1067 725 1088 apostolice
732 1068 813 1089 pertinere
821 1068 913 1084 dinoscitur

166 1094 208 1112 inter
216 1098 297 1115 personas
304 1094 424 1110 ecclesiasticas
433 1094 525 1115 litigiorum
534 1095 619 1115 amputare
626 1094 710 1110 materiam
718 1095 734 1110 et
742 1095 846 1111 occurrentes
855 1094 912 1111 dubie-

165 1120 204 1137 tatis
221 1120 308 1141 scrupulos
324 1125 434 1137 summovere.
450 1120 508 1142 Nuper
522 1121 604 1142 siquidem
620 1121 640 1137 ad
657 1121 761 1142 apostolatus
773 1121 825 1137 nostri
838 1122 913 1142 pervenit

166 1147 246 1166 auditum,
259 1147 305 1168 quod
318 1147 334 1163 in
347 1147 433 1164 nonnullis
445 1147 538 1168 collegiatis
550 1148 624 1164 ecclesiis
636 1148 703 1167 tructus,
716 1147 789 1164 redditus
798 1149 813 1164 et
822 1149 913 1169 proventus

166 1173 220 1195 grossi
228 1173 337 1194 singularium
344 1174 466 1195 prebendarum
473 1174 494 1190 ad
501 1174 583 1190 decimam
590 1175 629 1190 sunt
635 1174 690 1193 taxati,
699 1174 828 1191 distribuciones
837 1179 876 1191 vero
884 1179 913 1191 seu

166 1200 194 1216 alii
201 1200 274 1216 redditus
289 1201 305 1216 et
318 1201 415 1221 proventus,
429 1205 472 1222 quos
488 1201 551 1222 singuli
568 1201 647 1217 dictarum
658 1201 763 1217 ecclesiarum
776 1201 852 1218 canonici
861 1202 915 1222 preter

167 1231 237 1248 grossos
243 1227 305 1243 tructus
313 1227 396 1248 predictos
403 1228 501 1248 percipiunt,
508 1228 594 1244 annuatim
604 1228 653 1244 taxati
660 1228 680 1244 ad
688 1228 768 1244 decimam
777 1233 811 1244 non
816 1228 829 1249 Σ4)
836 1228 913 1248 existunt,

167 1254 183 1270 et
191 1253 237 1274 quod
248 1254 265 1269 in
273 1253 310 1270 aliis
322 1254 422 1275 plerisquei)
435 1254 509 1270 ecclesiis
522 1254 652 1271 distribuciones
665 1259 695 1271 seu
708 1255 799 1275 proventus
811 1255 827 1271 et
839 1255 913 1271 redditus

167 1280 264 1296 huiusmodi
277 1281 316 1296 sunt
327 1281 382 1300 taxati,
398 1280 427 1297 sed
440 1281 494 1302 grossi
507 1281 586 1302 fructus1)
598 1281 648 1297 taxati
661 1285 767 1302 nequaquam
781 1281 853 1298 existunt
865 1286 884 1298 ac
897 1281 913 1298 in

167 1307 223 1323 multis
232 1307 269 1323 aliis
277 1307 352 1323 ecclesiis
361 1307 454 1328 collegiatis
463 1308 508 1324 nulla
517 1307 598 1324 tructuurn
607 1307 729 1329 prebendarum
741 1309 757 1324 et
768 1308 914 1328 distribueionum,

167 1338 209 1354 quas
222 1338 278 1350 earum
290 1334 366 1350 canonici
375 1334 493 1355 particulariter
501 1334 600 1355 percipiunt,
613 1334 709 1355 habeatur5)
722 1334 743 1350 ad
752 1334 834 1351 decimam
843 1335 913 1353 taxacio,

168 1360 197 1376 sed
217 1364 276 1376 omnes
288 1360 355 1380 tructus,
373 1360 447 1377 redditus
465 1362 480 1377 et
495 1362 586 1382 proventus
599 1361 708 1382 capitulorum
722 1361 827 1377 ecclesiarum
841 1361 913 1382 ipsarum

167 1387 206 1403 sunt
216 1387 266 1403 taxati
275 1387 295 1403 ad
304 1387 401 1404 huiusmodi
410 1387 492 1404 decimam
505 1388 522 1404 in
535 1388 625 1407 communi,
638 1388 718 1409 quodque
727 1387 765 1404 licet
775 1388 829 1408 grossi
838 1388 914 1409 tructusss)

157 1519 189 1541 Α
278 1516 320 1541 ι-
391 1522 429 1541 A
562 1513 590 1541 h-
799 1541 806 1542 a
832 1528 844 1541 r

921 73 976 135 ”l
