1023 1631
148 197 240 218 generales,
252 201 296 218 quae
308 197 388 214 vocantur
400 197 428 216 ,in
440 201 509 218 corpore
521 197 562 214 iuris
574 197 650 214 clausae·
664 197 745 218 speciales
757 201 802 217 vero,
814 201 857 218 quae
865 201 895 218 per

148 223 221 245 Regulus
238 219 351 240 Canceilariae
359 223 466 245 Apostolicae
481 224 509 240 aut
525 224 541 240 vi
556 224 616 245 capitis
632 223 668 244 „Aa
683 224 773 245 Regin-lew*
790 224 894 241 introductae

148 251 192 267 sunt.
215 250 255 271 Qua
273 250 319 267 enim
336 250 435 267 definitione
453 255 533 267 numerus
551 251 682 268 reservat-ionum
699 250 802 272 generalium
818 260 843 262 —
856 255 894 268 mea

148 275 216 298 'quidem
229 277 311 294 sententia
322 286 345 289 —
356 277 407 294 nimis
419 277 524 298 restringitur
535 277 556 294 ad
568 282 620 295 unum
632 277 696 294 tanturn
709 282 771 297 casum,
786 282 848 298 nempe
859 282 894 298 quo

148 303 248 321 beneficium
263 303 348 325 quoddam
360 304 408 320 vacat
422 308 473 321 causa
488 304 547 321 mortis
566 304 666 324 beneficiati,
686 304 715 325 qui
736 304 803 326 „apud
820 303 893 320 Sedem

146 329 308 351 Apostolicam⁸⁴
318 330 363 347 diem
371 331 430 347 clausit
438 331 536 347 extremum.
559 330 580 347 At
588 331 645 347 contra
657 335 712 352 neque
725 331 830 350 sententiam.
842 335 894 352 quam

148 357 254 380 Hinschius¹)
266 357 283 373 in
294 357 367 374 medium
377 357 443 378 profert,
454 357 510 377 teneo.
522 358 551 378 qui
559 357 609 374 etiam
618 358 747 374 reservationem
760 357 893 378 singularum

147 384 247 405 dignitatum
259 384 285 400 vel
298 384 418 401 beneficiorum
426 384 444 401 iri
452 389 486 400 una
494 384 604 401 determinata
612 384 682 401 ecclesia
690 385 787 404 erectorum,
799 384 893 400 dummodo

147 410 189 427 iacta
201 410 223 427 sit
234 410 254 427 in
266 411 401 432 perpetuum,
413 411 508 432 generalem
522 411 599 432 appellat.

198 437 241 454 Nota
261 437 306 454 enirn
327 437 459 458 „generalitatis”
472 447 494 449 —
506 438 525 454 ut
544 438 566 454 ita
586 438 639 454 dicam
653 447 675 449 —
691 442 724 454 non
741 442 761 454 ex
776 437 893 454 reservationis

147 464 294 485 perpetuitate
306 464 341 484 sed,
356 464 379 480 uti
391 464 429 485 ipsu
440 469 473 481 vox
486 464 589 485 „generalis“
603 465 635 481 iam
644 464 685 481 satis
694 464 772 483 insinuat,
785 464 893 481 solummodo

147 495 167 507 ex
186 491 312 512 pluralitate
328 491 447 507 beneficiorum
467 491 564 507 eiusdem
582 491 670 512 generis
685 491 702 507 in
718 491 807 507 universali
819 491 893 507 Ecclesia

146 517 172 534 vel
196 518 282 539 provincia
305 518 335 534 etc,
359 518 465 534 existentium
489 518 531 534 mihi
555 518 636 534 sumenda
660 522 697 534 esse
720 517 789 534 videtur⁴
820 517 893 534 Numine

148 544 318 563 ,reservationis
337 544 460 565 generalis'¹
481 544 498 561 in
515 545 560 561 hisce
577 544 647 566 pagellis
663 544 754 565 amplector
775 544 812 560 illas
828 549 892 563 omnes,

147 575 190 592 quae
209 571 291 587 habentur
310 571 327 587 in
346 576 391 590 casu.
412 576 446 592 quo
466 571 537 588 omnia
557 571 666 588 beneficia
690 571 786 587 eiusdem
805 571 892 592 generis

146 598 245 614 vacantia
257 598 289 614 vel
302 599 402 614 vacatura
414 598 557 614 communiter
572 598 617 615 sive
632 598 652 614 in
665 599 791 619 perpetuum
808 598 854 614 sive
868 597 892 614 ad

146 625 229 645 tempus
255 625 275 640 in
299 625 418 641 universali
442 624 540 641 Ecclesia
567 625 612 641 sive
640 625 660 641 in
688 625 744 641 certa
772 624 892 646 provincia,

146 651 242 667 dioecesi
279 651 311 667 vel
346 651 489 667 determinato
522 656 587 673 regno
618 656 627 668 a
658 651 752 670 Romano
785 651 893 667 Pontiiice

146 678 283 694 reservantur
302 678 321 694 in
342 678 434 694 favorem
458 678 521 694 Sedis
542 678 688 699 Apostolicae.
716 678 764 698 Quae
782 678 857 694 delinitio
876 678 892 693 in

146 704 197 721 totius
212 705 261 721 huius
273 705 351 721 tractatus
366 709 415 721 cursu
427 705 510 724 retinetur,
527 705 554 724 ita,
570 706 588 721 ut
600 710 634 721 non
647 705 710 721 tanturn
724 705 760 721 illas
772 704 893 721 reservationes

145 731 232 752 generales
244 732 349 748 enumeratas
362 731 442 751 invenias=
455 736 498 753 quae
511 736 521 748 a
533 731 620 748 Clemente
628 731 653 748 IV*
663 736 716 752 usque
729 731 749 748 ad
759 731 858 752 Gregorium
867 731 893 747 Xl.

146 762 176 779 pro
195 758 229 774 tota
249 758 297 774 datae
310 759 349 774 sunt
364 758 445 777 Ecclesia,
465 758 495 774 sed
516 758 565 774 etiam
586 758 628 777 illae,
649 763 692 779 quae
712 758 820 774 determinata
836 762 892 779 regna,

146 784 240 805 provincias
252 785 282 801 etc.
295 785 383 806 attingunt.
408 784 517 806 Specialis
529 789 569 801 vero
581 785 671 801 reservatio
686 785 713 801 illa
726 785 799 804 habetur,
816 789 859 806 quae
872 785 892 801 de

145 812 203 829 certo
216 811 325 829 beneficio
337 812 372 829 sive
385 812 448 829 ratione
461 812 509 832 loci.
526 812 632 834 qualitatis
644 812 674 829 vel
689 817 787 834 personae
801 811 842 829 sive
857 817 892 833 pro

145 840 234 860 tempore
247 839 289 855 sive
301 839 320 855 in
332 840 447 860 perpetuum
457 839 522 856 decreta
531 841 560 856 est.
581 839 632 856 Porro
641 840 761 856 reservationes
772 840 791 855 in
803 844 892 860 corpore

146 866 200 882 iuris
223 866 328 887 clausaess)
350 866 427 882 dicuntur
449 866 492 885 illae,
517 871 559 887 quae
583 867 689 883 continentur
712 866 728 882 in
752 866 892 882 Decretalibus

146 893 240 914 Gregorii
253 893 280 909 IX⁴
294 893 312 909 in
325 893 383 909 Libro
396 893 464 912 Sexto,
477 893 495 909 in
508 893 645 909 Clementinis.

197 919 275 940 Denique
282 920 423 936 reservationibus
432 921 484 936 extra
494 924 566 941 corpus
575 920 624 936 iuris
633 920 753 941 vagantibus
763 920 893 936 adnumerantur

145 951 210 966 omnes,
226 951 269 968 quae
286 947 393 963 inveniuntur
405 947 421 963 in
437 946 619 968 Extravagantibus
632 947 674 963 sive
689 946 833 963 Communibus
850 946 892 962 sive

144 973 243 990 iohannis
262 973 323 993 XXIL,
344 973 362 989 in
385 973 468 994 Regulis
491 973 629 990 cancellariae
651 973 780 995 Apostolicae
803 973 892 994 praecipue

145 1005 154 1016 a
169 1000 246 1016 Johanne
258 1000 305 1016 XXII.
318 1004 372 1021 usque
388 1000 408 1016 ad
425 999 526 1021 Gregorium
541 1000 567 1016 XI.
580 1000 649 1021 editis.⁸)
666 1005 743 1021 quaeque
758 1010 779 1011 j
795 1000 891 1021 praesertim

146 1027 191 1048 quod
215 1026 235 1043 ad
256 1027 339 1043 saeculum
360 1027 397 1043 XIII.
418 1027 433 1043 et
453 1026 488 1043 XIV
500 1027 559 1043 attinet
578 1037 596 1038 j
616 1027 632 1043 in
651 1027 749 1048 Registris
770 1027 891 1043 authenticis

146 1053 276 1072 Romanorum
289 1053 409 1070 Pontificum
422 1054 461 1069 tum
474 1053 577 1070 Vaticanis
589 1054 628 1070 tum
639 1053 816 1070 Avenionensibus
829 1053 859 1069 vei
873 1054 891 1069 in

145 1080 190 1101 ipso
203 1080 260 1096 Libro
273 1080 410 1096 Cancellariae
422 1080 554 1101 Apostolicae
567 1080 616 1101 (Coei⁴
630 1081 650 1100 Β)
662 1081 772 1097 continentur⁴

196 1106 248 1123 Porro
261 1107 292 1123 huc
306 1107 343 1123 Ioco
358 1107 479 1128 praetereundo
492 1107 540 1128 quasi
554 1107 677 1124 celeberrimam
691 1107 806 1128 quaestionem
822 1107 892 1123 breviter

145 1134 225 1155 attingere
243 1134 295 1152 liceat.
314 1138 342 1150 cur
353 1133 423 1151 Romani
436 1134 527 1150 Pontifices
545 1134 565 1150 ad
584 1134 702 1151 beneficiorum
721 1134 841 1150 reservationes
856 1134 892 1150 sive

145 1160 231 1181 generales
244 1160 278 1176 sive
291 1160 372 1181 speciales
385 1161 500 1181 processerint.
525 1161 567 1177 Nam
581 1161 662 1182 imprimis
676 1165 705 1181 per
720 1160 762 1177 hanc
778 1160 891 1176 immediatam

177 1222 188 1239 ι)
198 1223 206 1236 ι.
217 1226 227 1236 c.
238 1222 256 1236 111.
266 1226 279 1240 ρ,
290 1223 319 1236 ιιη.

176 1244 187 1261 ¹)
197 1244 218 1258 Ci.
233 1245 289 1261 Bitkell,
306 1243 342 1258 Uber
356 1245 378 1258 die
392 1245 478 1262 Entslehung
492 1246 521 1259 und
535 1246 561 1258 den
576 1245 641 1262 heutlgen
656 1245 727 1258 Crebrauch
743 1245 766 1258 der
780 1245 829 1259 beiden
845 1245 890 1258 Extra-

145 1267 308 1285 vagantensammmngm
318 1267 342 1280 ele.
353 1271 365 1284 ρ.
375 1267 397 1281 47.

198 1289 255 1307 Plrilllps
265 1289 273 1303 1.
283 1294 293 1303 c.
304 1293 316 1307 p.
326 1289 357 1303 485,

176 1312 187 1329 ε)
197 1312 217 1325 cr.
233 1312 290 1329 Riganri,
306 1311 405 1325 Commentarra
420 1312 432 1325 in
446 1312 482 1330 Regq
499 1312 546 1325 Consi.
566 1313 578 1325 er
594 1312 654 1325 omina«.
671 1312 729 1325 ennean.
746 1312 807 1329 Apostol.
824 1319 839 1321 -
855 1315 890 1329 opus

145 1334 246 1348 celeberrimum
256 1334 288 1351 quin
297 1334 337 1347 elram
349 1335 414 1351 optimum
426 1335 437 1347 si
444 1335 476 1347 runs
486 1335 585 1351 expositionem
595 1335 646 1348 lantum
656 1334 715 1351 respicis,
725 1335 736 1347 si
747 1338 779 1348 vero
788 1334 890 1351 chronologiam

146 1357 189 1374 magis
198 1357 256 1370 attendis
267 1356 297 1370 vide
307 1356 377 1370 Oilssnihal
387 1356 391 1369 i
406 1360 416 1370 c.
436 1356 466 1370 Huc
476 1356 505 1370 Ioco
516 1361 542 1370 nori
553 1357 600 1370 omitto
610 1357 659 1372 dicere,
669 1360 690 1370 me
700 1357 740 1370 verba
751 1356 826 1374 praedictae
836 1356 890 1370 ultimae

145 1379 208 1392 editionis
217 1379 298 1396 Regularum
312 1378 403 1392 cancellarne
417 1379 504 1395 Apostolrcae
519 1383 548 1392 curn
563 1380 599 1392 textu
614 1379 669 1392 Codicis
684 1379 713 1392 Vat.
728 1379 763 1392 3984
777 1379 790 1392 in
807 1378 890 1392 Bibliotheca

146 1401 210 1415 Vaticana
220 1401 294 1414 contulisse
303 1401 316 1414 et
326 1401 398 1414 nonnullas
408 1401 488 1414 variationes
498 1402 511 1414 in
522 1401 567 1418 quinta
578 1402 614 1418 parte
624 1401 664 1414 huius
674 1401 716 1414 libelli
726 1401 802 1414 adnotasse.
