1023 1631
501 146 523 162 81

140 199 246 220 presentibus
261 203 296 215 non
314 203 410 220 expressam
425 198 452 215 vel
467 198 540 215 totaliter
553 203 588 215 non
605 198 684 215 insertam
702 198 770 215 effectus
788 197 885 215 huiusmodi

140 225 192 247 gratie
208 225 285 247 impediri
302 225 357 242 valeat
372 225 501 246 quomodolibet
519 225 545 242 vel
557 225 623 245 differri,
640 225 657 241 et
668 225 689 242 de
706 229 739 246 qua
755 224 837 246 cuiusque
849 225 885 241 toto

139 253 197 269 tenore
209 251 286 268 habenda
299 252 319 268 sit
331 252 348 268 in
360 252 421 268 nostris
433 251 490 269 litteris
502 251 570 268 mencio
582 252 664 273 specialis.
686 251 725 271 Seu,
739 251 753 268 si
765 256 834 273 presens
849 256 884 268 riou

140 279 190 295 tueris
202 279 223 295 ad
235 278 343 300 prestandum
358 278 379 295 de
396 278 507 295 observandis
525 278 590 295 statutis
607 279 624 295 et
641 278 791 295 consuetudinibus
808 277 884 294 eiusdem

140 305 209 322 ecclesie
224 305 292 322 solitum
309 305 425 325 iuramentum,
443 305 538 322 dummodo
549 305 566 321 in
579 305 657 321 absencia
669 305 697 321 tna
715 309 745 326 per
761 305 884 326 procuratorem

139 332 225 354 ydoneum
238 333 259 352 et,
271 336 308 348 cum
322 331 342 348 ad
355 331 441 348 ecclesian-i
454 331 508 353 ipsam
527 331 621 351 accesseris,
639 331 747 353 corporaliter
763 331 803 348 illud
815 332 884 352 prestes.

140 359 173 375 Aut
187 359 233 380 quod
250 358 349 375 heneficium
362 358 491 380 ecclesiasticum
503 363 542 375 cum
554 363 594 375 cura
605 358 631 375 vel
644 358 680 375 sine
692 362 730 375 cura
742 358 763 374 ad
775 358 884 374 collacionem

140 386 166 402 vel
181 385 324 407 presentationem
336 385 433 401 dilectorum
442 385 515 402 tiliorum
529 398 532 401 .
545 398 549 401 .
562 398 565 401 .
577 384 647 401 Abbatis
655 385 672 401 et
680 384 778 401 Conventus
787 384 885 401 Monasterii

140 412 233 428 Tinciensis
256 412 320 428 ordinis
344 411 399 428 Sancti
423 412 515 432 Benedicti,
533 411 650 428 Cracovierlsis
673 411 751 431 diocesis,
771 416 801 432 per
823 411 885 427 litteras

140 439 208 460 predicti
226 438 349 460 predecessoris
367 438 420 455 nostri
437 438 523 455 Benedicti
539 438 614 455 nosceris
630 439 720 459 expectare
744 437 789 454 Nulli
801 442 842 459 ergo
854 438 884 454 etc.

192 470 253 486 Datum
280 469 324 491 apud
348 469 408 486 Villam
434 469 500 486 Novam
525 469 644 486 Avinionensis
667 469 740 486 diocesis
763 469 822 490 quarto
845 473 885 485 non.

141 496 243 517 Septembris
255 501 300 512 anno
313 496 372 517 primo.

192 527 209 543 ln
230 527 291 544 eodem
306 527 359 543 modo
375 536 396 538 A
410 527 505 544 Venerabili
521 527 564 544 tratri
577 540 581 543 .
594 540 597 543 .
610 540 614 543 .
627 527 712 548 Episcopo
736 526 846 543 Csanadiensi
869 527 886 543 et

141 554 205 570 dilectis
220 554 259 570 filiis
272 566 275 570 .
289 566 292 570 .
305 566 309 570 .
325 553 380 570 Sancti
392 553 476 570 Vincencii
491 555 507 570 et
520 566 523 570 .
536 567 540 570 .
553 567 557 570 .
573 553 632 570 Sancte
645 554 698 570 Marie
711 554 727 570 iri
744 558 798 573 arena,
813 553 885 570 diocesis

140 580 286 600 Wratislauiensis,
298 581 437 597 monasteriorum
450 581 545 601 abbatibus,
557 581 627 597 salutern
640 581 670 597 etc.

192 611 252 628 Datum
265 612 282 628 ut
294 616 344 633 supra
355 621 377 623 ——

497 697 529 716 28.

141 722 175 736 1349
184 722 220 736 sunu
231 723 242 736 ι4

140 744 172 762 Reg.
182 745 225 758 Aven.
236 744 278 758 Clem.
288 745 310 758 Vl,
319 745 328 758 t.
338 745 356 758 54
365 745 388 759 iol,
400 745 428 759 119,

193 785 258 801 Dilecto
271 785 306 801 tilio
318 785 393 801 Amoldo
406 785 426 801 de
439 785 519 805 Causina,
531 786 613 802 canonico
622 786 759 806 Wratislauiensi,
771 786 841 802 salutern
854 786 884 802 etc.

192 817 293 833 Honestas
305 822 380 834 morum
395 818 411 834 et
423 818 456 834 vite
469 818 535 839 aliaque
547 819 575 834 tue
587 818 674 839 probitatis
686 818 749 837 merita,
761 822 811 839 snper
823 817 885 839 quibus

140 843 185 865 apud
202 848 234 860 nos
252 844 375 865 tidedignorum
392 844 489 861 testimonio
507 845 636 864 commendaris,
654 845 752 866 exposcunt,
765 845 782 860 ut
794 849 884 865 personam

140 871 185 887 tuam
201 870 256 887 tavore
274 871 368 892 apostolico
385 872 506 892 prosequentes
525 871 555 887 tibi
573 871 661 888 reddamur
678 871 698 887 ad
716 871 787 892 graciam
802 871 884 887 liberales.

140 897 208 913 Dudum
227 897 310 918 siquidem
331 902 391 914 omnes
412 898 521 914 canonicatus
545 899 560 914 et
584 898 677 919 prebendas
697 899 784 919 ceteraque
803 897 885 914 beneficia

141 924 251 940 ecclesiastica
263 925 303 940 tunc
314 924 359 945 apud
371 924 428 941 sedem
441 925 552 945 apostolicam
565 925 641 941 vacancia
656 925 672 941 et
686 925 795 945 imposterum
808 925 884 941 vacatura

140 950 228 967 collacioni
240 951 256 967 et
268 950 378 971 disposicioni
394 952 450 967 nostre
467 951 561 972 specialiter
579 952 685 970 reservantes,
698 951 802 967 decernimus
815 955 835 967 ex
846 951 885 967 tunc

141 977 202 993 irritum
215 978 231 993 et
243 977 297 997 inane,
310 978 324 994 si
336 982 384 994 secus
397 982 447 999 super
459 978 490 994 hiis
503 982 511 994 a
525 983 616 999 quoquam,
629 978 688 999 quavis
700 978 803 997 auctoritate,
816 978 886 994 scienter

140 1004 166 1020 vel
179 1004 274 1025 ignoranter
291 1004 378 1025 contigerit
390 1005 487 1026 attemptari,
505 1009 525 1021 ac
542 1004 603 1021 deinde
615 1005 741 1024 declaravimus,
759 1005 815 1021 nostre
833 1004 885 1021 tuisse

140 1030 239 1047 intencionis
252 1031 268 1047 et
282 1035 325 1050 esse,
343 1035 403 1047 omnes
421 1031 519 1048 huiusmodi
537 1031 644 1048 canonicatus
656 1032 672 1047 et
686 1031 780 1052 prebendas
798 1032 885 1052 ceteraque

140 1057 221 1073 beneficia
239 1057 350 1074 ecclesiastica
368 1062 476 1079 quocumque
494 1058 547 1074 modo
562 1057 651 1074 collacioni
670 1058 726 1074 nostre
744 1058 842 1079 generaliter
859 1057 885 1074 vel

140 1084 234 1105 specialiter
240 1085 326 1103 reservata¹
340 1089 372 1105 que
384 1089 414 1105 per
425 1089 457 1101 nos
468 1085 604 1106 quibuscumque
612 1085 689 1106 personis
698 1084 767 1101 conferri
776 1084 885 1105 contingeret,

140 1110 153 1126 si
163 1115 244 1131 personas
250 1111 324 1130 easdem,
333 1111 395 1132 quibus
402 1111 460 1127 eadem
468 1111 550 1127 beneficia
556 1111 673 1131 conferrentur,
682 1111 779 1132 priusquam
784 1111 885 1127 collaciones

140 1138 196 1153 nostre
204 1137 300 1153 huiusmodi
309 1137 342 1153 sint
352 1137 399 1157 tacte,
411 1142 441 1158 per
448 1137 556 1159 adeptionem
565 1138 679 1159 possessionis
688 1138 756 1159 pacifice
765 1138 884 1154 beneficiorum

140 1164 214 1184 ipsorum
228 1168 276 1180 suum
289 1164 346 1180 essent
358 1164 414 1180 sortite
426 1164 508 1184 effectum,
524 1164 574 1181 rebus
586 1165 636 1181 eximi
652 1165 756 1186 contingeret
768 1164 789 1181 ab
802 1164 885 1184 humanis,

140 1190 194 1206 donec
206 1194 236 1211 per
247 1195 279 1207 nus
291 1190 312 1207 de
325 1191 356 1207 illis
369 1191 453 1212 provisum
470 1191 548 1207 existeret
563 1192 653 1212 nostreque
667 1191 774 1212 provisiones
788 1191 885 1207 huiusmodi

141 1221 169 1237 per
184 1217 290 1238 adeptionem
308 1217 396 1238 predictam
413 1217 509 1234 huiusmodi
527 1218 641 1239 possessionis
655 1218 724 1239 pacifice
742 1218 810 1239 plenum
829 1218 885 1234 essent

140 1243 196 1259 sortite
214 1243 296 1263 effecturi-i,
314 1244 345 1260 sub
363 1245 420 1260 nostra
438 1244 553 1261 reservatione
570 1244 666 1261 huiusmodi
679 1249 764 1261 remanere
780 1245 832 1261 libere
843 1245 885 1261 sicut

140 1270 190 1291 prius.
228 1269 270 1286 Cum
302 1270 358 1291 itaque
390 1271 498 1292 postmodum
526 1271 634 1288 canonicatus
664 1272 679 1288 et
705 1271 789 1293 prebenda
816 1271 885 1288 ecclesie

140 1296 285 1316 Wratislauiensis,
305 1302 348 1318 quos
369 1297 454 1318 quondam
474 1297 563 1314 Wernerus
583 1298 604 1314 de
622 1297 704 1317 Chinelilr.
723 1298 798 1314 eiusdem
816 1298 885 1314 ecclesie

140 1323 236 1342 canonicus,
255 1323 294 1340 dum
307 1323 374 1343 viveret,
392 1324 478 1341 obtinebat
495 1329 526 1345 per
543 1325 606 1341 obitum
619 1325 695 1341 eiusdem
707 1324 786 1344 Wemeri,
799 1325 827 1346 qui
840 1324 884 1346 apud

140 1350 197 1366 sedem
209 1350 299 1371 predictam
309 1350 353 1366 diem
360 1350 418 1367 clausit
426 1352 523 1371 extremum,
532 1352 571 1368 tunc
579 1351 624 1373 apud
633 1351 703 1368 eandem
712 1351 769 1368 sedern
775 1352 884 1371 vacavissent,

140 1381 172 1393 rios
184 1376 269 1398 quondam
282 1376 342 1396 Pasolr,
355 1378 394 1394 nato
406 1377 461 1394 dilecti
473 1377 502 1394 iilii
511 1377 589 1394 Nicholai
601 1378 670 1395 Palatini
685 1378 788 1398 Calisiensis,
803 1378 884 1395 canonico

140 1403 276 1423 Wratislauiensi,
295 1403 315 1420 de
328 1404 376 1420 dictis
397 1404 495 1421 canonicatu
515 1405 531 1421 et
548 1405 633 1426 prebenda
650 1405 673 1421 sic
690 1405 788 1422 vacantibus
806 1405 885 1422 duximus
