3734 5940
825 299 1039 392 -v-

188 506 384 592 providendi
420 507 490 573 suis
525 507 651 573 clericis
687 506 729 571 de
763 506 1016 573 canonicatibus
1051 506 1084 571 in
1121 506 1269 572 ecclesiis
1298 525 1378 573 suae
1402 507 1582 592 legationis
1606 506 1673 573 tam

187 613 429 680 cathedralibus
454 632 554 698 quam
579 613 653 680 aliis
677 613 873 680 vacantibus
897 613 939 678 ad
964 631 1123 699 praesens
1139 613 1191 678 vel
1220 631 1357 697 ,quam
1382 614 1548 697 primum
1573 613 1619 679 ad
1636 613 1674 679 id

188 720 378 787 obtulerit
413 738 453 786 se
488 720 680 788 facultas“
719 719 897 786 accedente
932 723 1044 786 tamen
1079 738 1220 786 assensu
1252 738 1379 800 eorum,
1415 720 1456 787 ad
1482 739 1568 804 quos
1592 721 1675 787 alias

187 826 451 913 praebendarum
475 827 609 894 collatio
637 828 823 912 pertineret.

293 968 418 1035 Similis
443 969 636 1042 Reservatio
667 969 833 1054 generalis
865 988 925 1054 pro
950 970 1121 1046 territoriis
1144 970 1236 1055 regni
1262 968 1460 1055 siciliae1)
1486 970 1528 1035 ab
1554 968 1675 1035 eodem

186 1074 339 1148 Romano
377 1075 542 1142 Pontiiice
581 1076 665 1142 lacta
704 1079 771 1155 est,
815 1094 890 1142 cunr
930 1075 1107 1149 Radulium
1147 1075 1188 1142 de
1228 1075 1424 1142 Chevrieres
1464 1075 1675 1142 Cardinalem

186 1181 392 1268 Episcopum
409 1182 637 1249 Albanensem
661 1185 832 1268 tamquam
858 1184 992 1248 alteram
1009 1183 1119 1249 lateris
1136 1183 1187 1248 sui
1206 1185 1343 1268 partem,
1361 1183 1481 1267 plenae
1498 1182 1676 1267 legationis

186 1289 298 1355 oilicio
324 1289 520 1374 praeditum,
557 1290 591 1355 in
626 1289 750 1355 dictum
787 1307 926 1374 regnum
952 1290 1118 1369 „attritum
1144 1289 1435 1374 oppressionibus,
1471 1289 1676 1355 exinanitum

186 1396 320 1480 opibus
356 1399 564 1462 attenuatum
600 1396 729 1474 incoliS,
766 1396 948 1462 eorundem
973 1397 1184 1481 regnantium
1210 1396 1450 1462 inhumanitate
1475 1396 1619 1461 lacerum
1644 1400 1676 1462 et

186 1502 325 1567 immani
350 1502 486 1568 saevitia
511 1502 735 1568 inhumaniter
758 1503 992 1584 laceratum“2)
1017 1503 1168 1568 mitteret.
1216 1503 1323 1569 Etiam
1341 1503 1374 1568 in
1392 1503 1443 1568 his
1460 1503 1554 1569 terris
1571 1502 1677 1569 Sedes

186 1605 380 1692 Apostolica
417 1610 605 1675 inhibuerat
642 1627 703 1686 ,ne
738 1609 882 1693 capitula
917 1612 949 1674 et
986 1613 1172 1675 conventus
1208 1609 1445 1675 cathedralium
1483 1612 1515 1675 et
1539 1609 1676 1675 aliarum

187 1715 457 1782 conventualium
497 1715 708 1783 ecclesiarum
749 1717 783 1780 in
823 1734 928 1800 regno
964 1713 1097 1782 Siciliae
1133 1717 1333 1795 vacantium,
1372 1734 1431 1800 per
1466 1716 1676 1794 electionem,

188 1823 449 1904 postulationem
481 1825 537 1888 aut
560 1822 826 1889 nominationem
852 1823 916 1888 sibi
941 1822 982 1889 de
1007 1823 1162 1908 praelatis
1186 1825 1436 1907 praesumerent
1459 1823 1677 1909 providere.3)

292 1965 421 2032 Eodem
457 1966 561 2032 modo
598 1966 663 2031 iam
693 1964 824 2051 anteat)
848 1965 1030 2050 patriarcha
1053 1947 1316 2051 Aquilegiensis,
1353 1966 1467 2051 Legati
1491 1965 1677 2050 Apostolici

187 2093 323 2141 munere
358 2074 392 2139 in
427 2074 576 2159 partibus
612 2072 832 2139 lombardiae
867 2073 1250 2158 iungens,auctoritate
1286 2072 1479 2158 Apostolica
1513 2071 1678 2137 universis

185 2181 348 2267 capitulis,
395 2181 547 2267 collegiis
594 2198 727 2247 necnon
785 2181 1008 2246 conventibus
1066 2180 1280 2247 ecclesiarum
1326 2183 1402 2251 tarn¹
1440 2179 1676 2246 cathedralium

186 2307 286 2372 quam
334 2289 471 2354 aliarum
512 2291 544 2352 et
583 2287 873 2367 monasteriorum,
914 2305 1000 2372 quae
1041 2286 1215 2353 Frederico
1260 2287 1410 2353 secundo
1449 2286 1676 2359 Romanorum

185 2394 377 2479 Imperatori
405 2394 565 2478 ,eiusque
590 2393 668 2458 liliis
694 2396 725 2459 et
748 2394 952 2460 fautoribus‘
982 2393 1208 2460 adhaerebant
1238 2393 1415 2472 interdixit,
1452 2411 1494 2458 ne
1529 2394 1563 2458 in
1599 2410 1677 2458 casu

186 2500 369 2565 vacationis
404 2497 647 2582 praedictorum
683 2500 896 2567 ecclesiarum
933 2503 965 2566 et
994 2500 1271 2567 monasteriorum
1297 2500 1361 2566 illis
1386 2518 1445 2584 per
1469 2500 1677 2576 electionem,

187 2604 447 2690 postulationem
472 2604 525 2669 vel
550 2607 817 2672 nominationem
843 2624 1120 2692 quorumcunque
1146 2607 1366 2692 praelatorum
1391 2606 1603 2691 providerent
1626 2605 1678 2671 vel

186 2711 228 2777 ad
267 2711 493 2796 receptionem
532 2712 770 2777 canonicorum
809 2712 1012 2792 clericorum,
1055 2714 1296 2781 monachorum
1337 2715 1393 2778 aut
1439 2730 1677 2779 conversorum

186 2818 413 2903 procederent.
473 2817 560 2884 Cum
597 2821 707 2884 autem
745 2818 873 2903 aliquot
907 2820 1062 2904 capitula,
1097 2820 1241 2904 collegia
1272 2837 1404 2885 necnon
1428 2821 1614 2885 conventus
1639 2837 1679 2883 ex

189 2925 345 3010 praelatis
369 2928 483 2991 contra
507 2925 592 2992 hanc
617 2925 887 2998 Reservationem
904 2924 1135 3011 Apostolicam
1158 2929 1282 2992 temere
1307 2944 1405 3011 agere
1430 2925 1502 2991 ausi
1526 2925 1678 3004 luissent,

190 3031 348 3098 Clemens
376 3032 426 3098 lV.
483 3031 652 3117 Philippo,
686 3033 940 3118 archiepiscopo
980 3032 1217 3112 Ravennatem,
1259 3051 1359 3117 quem
1397 3034 1430 3097 in
1465 3031 1678 3117 Aquilegien.

190 3141 221 3204 et
238 3138 383 3205 Graden.
408 3140 680 3224 patriarchatibus
705 3157 744 3206 ac
767 3140 800 3204 in
818 3139 999 3224 Ragusina,
1024 3139 1260 3218 Ravennatem,
1284 3139 1468 3206 Mediolan.
1494 3143 1526 3205 et
1536 3139 1678 3204 Januen.

189 3246 387 3325 civitatibus,
434 3246 657 3325 dioecesibus,
696 3247 877 3332 provinciis
917 3264 1050 3312 necnon
1088 3245 1122 3310 in
1162 3245 1371 3325 Lombardia,
1411 3245 1609 3319 Romaniola
1649 3247 1680 3341 et

188 3353 336 3419 Nlarchia
360 3353 532 3419 Tervisina
557 3352 751 3439 Legatum5)
775 3353 1007 3438 Apostolicum
1031 3352 1254 3431 constituerat,
1290 3352 1382 3418 dedit
1405 3353 1609 3432 mandatum,
1646 3355 1681 3417 ut

190 3460 349 3526 omnibus
395 3461 550 3545 personis
598 3463 712 3526 contra
758 3461 809 3526 ius
856 3461 1038 3545 assumptis
1097 3460 1237 3526 omnino
1285 3460 1416 3538 amotis
1476 3460 1678 3544 praelaturis,

190 3566 417 3651 dignitatibus,
454 3568 656 3652 praebendis
691 3568 832 3652 aliisque
866 3567 1040 3634 beneficiis
1075 3565 1264 3652 provideret
1295 3567 1467 3652 ,personis
1492 3566 1623 3632 idoneis
1648 3569 1681 3631 et

190 3674 357 3740 Ecclesiae
375 3673 546 3746 Romanae
563 3674 757 3761 devotis.“⁶)
797 3675 926 3742 Eodem
944 3674 1032 3741 enim
1049 3676 1200 3758 tempore
1217 3673 1398 3740 infaustum
1416 3673 1498 3739 illud
1514 3676 1680 3739 certamen

190 3833 400 3843 ⁵——

254 3938 275 4007 ¹)
294 3939 394 3994 Jordan
414 3940 430 3994 1,
451 3955 472 3993 c.
492 3937 528 3992 n⁰
546 3940 597 3994 257
617 3940 697 4008 (1266
716 3941 792 3995 Febr.
814 3940 873 4008 l5.).

254 4045 277 4114 2)
297 4045 419 4111 Carolus,
448 4060 539 4100 comes
567 4045 785 4116 Andegavensis,
813 4048 959 4121 postquam
987 4049 1014 4100 in
1042 4047 1146 4116 proelio
1174 4047 1208 4100 ad
1236 4046 1423 4100 Beneventum
1447 4046 1527 4113 (1266
1545 4045 1622 4099 Febr.
1642 4045 1680 4110 6.)

189 4134 300 4189 feliciter
322 4136 414 4189 contra
432 4133 612 4199 Maniredum,
636 4138 783 4204 principem
802 4136 982 4199 Tarentinum,
1002 4138 1077 4205 regni
1097 4135 1203 4189 Siciliae
1217 4136 1412 4204 usurpatorem,
1433 4138 1579 4189 commisso
1596 4135 1682 4189 victor

190 4225 282 4288 evasit,
302 4238 317 4278 a
336 4222 467 4278 Pontiiice
485 4225 671 4278 investituram
692 4224 755 4278 dicti
774 4227 850 4294 regni
870 4224 1015 4291 acceperat.

296 4330 337 4385 Ci.
357 4331 484 4392 Raumer:
505 4330 604 4385 Gesch.
625 4331 650 4384 d.
671 4330 879 4384 Hohenstaulen
898 4330 942 4384 lV.
961 4345 988 4399 p.
1007 4329 1057 4383 481
1079 4345 1139 4398 sqq.

255 4437 279 4507 θ)
298 4437 339 4492 Ci.
358 4438 459 4492 Jordan
479 4438 496 4492 l.
516 4453 538 4492 c.
558 4435 666 4492 110309
684 4437 766 4506 (1266
784 4438 849 4492 Maii
869 4437 932 4508 28.).

252 4544 276 4611 ⁴)
295 4544 397 4599 ibidem
417 4545 433 4598 l.
453 4561 475 4599 c.
495 4543 533 4598 n⁰
551 4545 600 4600 631
623 4545 703 4612 (1268
722 4545 787 4599 Maii
807 4545 869 4613 28.).

253 4648 276 4718 5)
296 4650 337 4705 Ci.
356 4651 455 4705 Jordan
474 4652 491 4706 l.
512 4667 534 4706 c.
554 4651 661 4708 110487
681 4652 844 4722 (1267111111
863 4653 907 4722 8.),

254 4757 276 4827 ⁶)
297 4759 398 4812 ibidem
416 4758 433 4813 l.
453 4775 475 4813 c.
495 4759 610 4815 110631.

296 4865 423 4921 Similiter
453 4867 480 4919 et
510 4866 652 4937 Philippus
682 4867 902 4936 archiepiscopus
932 4867 1113 4927 Ravennatem
1145 4869 1248 4936 accepit
1277 4866 1431 4920 facultatem
1463 4867 1622 4920 instituendi
1654 4870 1680 4920 in

188 4956 310 5011 ecclesiis
329 4954 527 5011 cathedralibus
546 4957 573 5010 et
592 4957 651 5011 aliis
673 4957 824 5028 collegiatis
843 4971 909 5010 suae
931 4957 1083 5026 legationis,
1103 4958 1130 5009 in
1144 4956 1243 5025 quibus
1256 4956 1412 5010 auctoritate
1422 4954 1579 5024 Apostolica
1592 4955 1681 5009 adhuc

189 5045 293 5101 nullum
320 5045 419 5100 lecerat
446 5046 536 5114 recipi,
564 5046 675 5101 clericos
703 5046 818 5101 idoneos
847 5046 873 5099 et
901 5045 1061 5115 providendi
1090 5047 1129 5099 eis
1148 5045 1183 5099 de
1202 5044 1364 5114 praebendis
1383 5047 1411 5099 et
1429 5044 1618 5113 personatibus
1636 5044 1680 5098 vel

190 5133 367 5204 dignitatibus
394 5133 475 5188 etiam
502 5134 599 5188 curatls
631 5138 667 5199 ,si
687 5138 714 5188 in
743 5135 847 5189 eisdem
866 5134 986 5188 ecclesiis
1005 5136 1102 5188 vacant
1120 5134 1165 5188 vel
1184 5149 1265 5203 quam
1285 5134 1354 5188 cito
1373 5133 1412 5188 ad
1431 5133 1464 5188 id
1483 5148 1518 5187 se
1537 5133 1680 5187 facultas

189 5223 372 5278 obtulerit‘
396 5238 456 5277 cunr
476 5237 621 5277 assensu
639 5224 730 5277 tamen
750 5224 908 5278 collatomm
928 5222 1130 5277 ordinariorum.

294 5329 397 5386 Ibidem
416 5329 433 5383 l.
453 5345 475 5385 c.
495 5327 601 5385 110490
620 5329 702 5399 (1267
722 5330 787 5386 Maii
809 5329 870 5397 lh).

1546 5435 1562 5488 2
