3720 5932
182 993 251 1051 1325
269 994 359 1049 Martii
378 993 421 1048 27.

181 1083 250 1140 Cod.
270 1083 300 1138 B.
319 1082 365 1138 iol.
385 1082 499 1138 69-70.

541 1313 770 1418 Prorogacio
799 1320 1099 1394 reservacionum
1128 1318 1165 1393 in
1194 1314 1301 1393 ltalia.

601 1508 663 1590 Ad
691 1514 911 1612 perpetuam
940 1515 991 1589 rei
1019 1516 1252 1590 memoriami

293 1670 456 1737 Dudum
490 1670 699 1736 videlicet
730 1669 780 1742 ld.
805 1669 927 1756 Aprilis
952 1670 1166 1757 pontificatus
1190 1672 1294 1738 nostri
1319 1689 1408 1736 anno
1439 1670 1584 1754 septimo
1609 1687 1672 1735 nos

187 1777 229 1845 de
247 1780 333 1844 statu
350 1777 496 1862 parcium
512 1776 601 1843 ltalie
619 1776 831 1861 spiritualiter
847 1779 879 1843 et
894 1779 1119 1863 temporaliter
1135 1780 1267 1845 auctore
1283 1776 1423 1844 domino
1440 1774 1672 1862 promovendo

188 1885 316 1951 solicite
350 1883 535 1968 cogitantes
570 1900 609 1949 ac
643 1883 827 1968 cupientes,
863 1887 898 1949 ut
926 1903 986 1969 per
1020 1885 1268 1970 providenciam
1305 1884 1395 1952 sedis
1424 1883 1607 1969 apostolice
1632 1882 1673 1949 de

187 1991 377 2077 pastoribus
425 1991 457 2056 et
491 1989 626 2075 prelatis
662 1990 695 2055 in
731 1990 880 2076 partibus
927 1991 1161 2076 disponeretur
1195 1989 1361 2077 predictis,
1409 1991 1466 2076 qui
1501 1991 1600 2057 nobis
1643 1993 1674 2055 et

186 2097 323 2164 ecclesie
344 2097 496 2170 Romane
520 2096 633 2163 devoti
658 2099 690 2164 et
712 2096 830 2164 iideles
851 2099 1030 2164 existerent
1046 2101 1079 2164 et
1095 2098 1169 2165 aliis
1193 2099 1313 2165 scirent
1329 2101 1361 2165 et
1377 2100 1516 2184 possent
1539 2115 1674 2182 preesse

185 2203 307 2270 utiliter
342 2206 373 2270 et
401 2202 575 2289 prodesse,
612 2222 731 2270 omnes
767 2207 799 2270 et
823 2205 978 2289 singulas
1002 2203 1207 2272 cathedrales
1236 2207 1268 2271 et
1295 2204 1489 2290 collegiatas
1517 2203 1674 2270 ecclesias

184 2310 351 2376 seculares
386 2312 418 2375 et
461 2310 630 2394 regulares
669 2310 811 2377 civitatis
859 2313 891 2376 et
902 2310 927 2398 1)
966 2311 1131 2378 dioecesis
1175 2310 1244 2396 ac2)
1279 2312 1449 2398 provincie
1492 2311 1673 2384 Ravennat.

184 2420 304 2484 extunc
339 2434 448 2501 usque
473 2416 515 2482 ad
545 2417 718 2483 biennium
743 2419 915 2484 vacaturas
948 2417 1173 2503 disposicioni
1212 2421 1324 2485 nostre
1349 2420 1381 2484 et
1404 2417 1556 2484 eiusdem
1585 2415 1674 2482 sedis

185 2524 373 2610 apostolice
407 2524 599 2590 auctoritate
629 2524 814 2608 apostolica
839 2523 995 2590 duximus
1020 2525 1251 2605 reservandas,
1281 2525 1460 2592 districtius
1485 2524 1675 2590 inhibentes

184 2631 344 2697 omnibus
384 2632 417 2696 et
447 2630 600 2715 singulis,
636 2628 678 2696 ad
708 2649 795 2714 quos
820 2632 980 2715 provisio
1016 2632 1144 2712 electio,
1180 2631 1368 2718 postulacio
1392 2632 1445 2698 vel
1470 2630 1587 2715 quevis
1611 2629 1675 2694 alia

185 2737 404 2823 predictarum
445 2737 658 2802 ecclesiarum
695 2736 879 2822 disposicio
915 2738 996 2804 alias
1032 2739 1249 2826 pertineret,³)
1284 2758 1326 2805 ne
1357 2738 1399 2805 ad
1435 2737 1674 2823 provisionem,

186 2844 394 2923 electionem,
436 2843 702 2929 postulacionem
742 2844 795 2910 vel
838 2844 936 2910 aliam
981 2844 1244 2930 disposicionem
1285 2847 1413 2912 illarum
1459 2843 1676 2930 procederent

187 2952 307 3036 quovis
343 2949 446 3016 modo
482 2968 519 3015 ac
554 2948 770 3016 decernentes
804 2951 927 3017 irritum
960 2954 991 3017 et
1021 2952 1131 3031 inane,
1163 2953 1190 3018 si
1216 2971 1313 3018 secus
1337 2972 1356 3018 a
1380 2969 1552 3036 quoquam
1577 2967 1678 3035 super

186 3059 250 3123 hiis
275 3057 394 3141 quavis
418 3057 612 3123 auctoritate
637 3058 779 3124 scienter
801 3058 855 3124 vel
890 3058 1082 3142 ignoranter
1104 3059 1312 3143 contigerit4)
1338 3058 1534 3143 attemptari.
1589 3055 1674 3123 Cum

186 3166 296 3230 autem
314 3164 415 3230 instet
430 3162 508 3229 iinis
522 3163 600 3230 dicti
618 3164 745 3230 biennii
759 3183 891 3250 nosque
905 3165 1046 3230 velimus
1060 3164 1188 3230 eisdem
1202 3164 1327 3230 inducti
1344 3164 1675 3230 consideracionibus

187 3289 288 3356 super
311 3270 467 3356 predictis
492 3270 628 3336 ulterius
653 3274 789 3355 paterne
815 3270 1037 3337 solicitudinis
1062 3270 1174 3337 studio
1198 3271 1383 3356 providere,
1412 3271 1674 3337 reservacionem

187 3377 368 3463 predictam
408 3376 449 3442 ad
489 3376 576 3443 duos
619 3395 728 3444 annos
768 3378 947 3444 continuos
990 3397 1008 3443 a
1048 3377 1116 3444 line
1159 3377 1236 3444 dicti
1278 3377 1406 3443 biennii
1449 3376 1675 3443 numerandos

187 3485 379 3550 auctoritate
409 3484 618 3569 presencium
654 3503 892 3570 prorogamuS,
927 3485 1079 3551 volentes
1116 3487 1148 3551 et
1171 3483 1387 3551 decernentes
1412 3485 1675 3550 reservacionem

187 3593 333 3657 nostram
358 3609 466 3676 usque
498 3590 539 3656 ad
578 3591 751 3658 biennium
786 3592 871 3658 sicut
910 3592 1108 3677 premittitur
1146 3593 1358 3676 prorogatam
1383 3589 1425 3657 ad
1451 3590 1615 3657 seculares
1645 3591 1677 3656 et

188 3698 356 3782 regulares
388 3700 455 3764 tam
480 3698 690 3765 cathedrales
715 3717 815 3784 quam
840 3698 1030 3764 abbaciales
1055 3699 1087 3764 et
1117 3696 1199 3763 alias
1228 3716 1458 3783 quascumque
1483 3697 1676 3782 collegiatas

187 3807 396 3890 preterquam
425 3805 589 3871 moniales
619 3808 651 3871 et
679 3806 815 3871 aliarum
844 3805 1075 3890 religiosarum
1104 3803 1279 3870 mulierum
1310 3805 1479 3884 ecclesias,
1504 3805 1675 3889 exemptas

187 3915 219 3978 et
251 3929 320 3978 non
350 3912 533 3996 exemptas,
564 3912 739 3996 quibusvis
764 3911 1050 3979 declaracionibus
1082 3910 1206 3977 nostris
1234 3929 1334 3996 super
1365 3911 1430 3977 hoc
1460 3911 1554 3977 iactis
1594 3910 1675 3976 alias

188 4037 256 4085 non
282 4017 494 4084 obstantibus
520 4018 774 4084 extendendam.
822 4018 912 4084 Nulli
937 4037 1017 4103 ergo
1042 4020 1101 4085 etc.

293 4159 368 4226 Dat.
392 4158 559 4227 Avinione
581 4160 633 4225 Vl.
659 4160 722 4227 kal.
747 4158 871 4245 Aprilis
895 4180 924 4226 a.
949 4178 1053 4226 nono.

295 4302 374 4367 ltem
399 4302 519 4369 eodem
549 4302 652 4368 modo
677 4303 710 4367 in
735 4303 866 4369 civitate
891 4304 923 4368 et
953 4301 1038 4368 dioc.
1072 4320 1110 4368 ac
1140 4303 1312 4387 provincia
1339 4301 1539 4387 Aquilegen.

1217 4437 1229 4466 ε
1341 4408 1569 4475 Mediolanen.

1214 4543 1225 4572 ε
1339 4515 1450 4581 pisan.

1215 4651 1226 4676 =
1338 4622 1480 4689 lanuen.

1215 4756 1227 4786 =
1341 4728 1487 4797 Graden.

252 5084 275 5151 ¹)
294 5098 325 5138 ac
343 5113 379 5121 —
398 5081 463 5154 Reg.
482 5082 542 5137 Vat.

251 5171 274 5242 2)
293 5174 320 5226 et
338 5202 373 5210 -
392 5171 501 5226 ibidem.

251 5260 274 5330 ⁸)
293 5260 458 5331 pertinerent
475 5291 511 5299 —
529 5259 639 5314 ibidem.

249 5349 274 5418 ⁴)
293 5349 461 5422 contingeret
481 5380 512 5387 —
533 5348 643 5404 ibidem.
