3720 5932
909 293 952 353 46

185 503 312 576 Romae
334 502 534 581 versabatur,
560 520 748 568 reservasse
773 519 893 568 omnes
917 501 1106 586 dignitates,
1131 503 1341 586 personatus,
1367 500 1477 567 oilicia
1501 502 1675 585 ceteraque

186 610 347 676 beneficia
383 609 605 675 ecclesiastica
641 608 822 675 saecularia
857 610 890 674 et
924 608 1087 692 regularia
1111 626 1137 674 c.
1162 625 1238 674 cura
1262 608 1315 673 vel
1339 627 1365 673 s.
1390 626 1466 674 cura
1500 610 1600 674 tunc
1635 607 1675 673 in

185 717 360 801 praelata
390 715 494 782 Urbe
524 714 891 800 quomodocunque
919 715 1070 781 vacantia
1098 716 1131 780 et
1158 715 1192 780 in
1222 716 1319 780 antea
1343 716 1506 780 vacatura.
1552 713 1676 780 Postea

185 841 265 890 vero
304 841 349 889 sc.
383 822 436 888 29.
464 822 544 889 Julii
572 822 687 903 13701)
727 821 817 888 Urbe
857 822 923 886 iam
962 821 1072 888 relicta
1113 839 1175 887 suo
1215 822 1249 886 in
1289 820 1517 906 spiritualibus
1554 821 1675 888 vicario

184 930 311 1004 Romae
336 930 520 997 constituto
544 928 682 994 liberam
712 927 825 994 denuo
849 927 1000 1012 permisit
1017 927 1231 994 collationem
1248 927 1488 994 beneficiorum
1504 927 1675 994 titulorum

184 1035 414 1104 Cardinalium
439 1035 472 1102 S.
491 1035 527 1109 R.
545 1034 583 1100 E.
601 1036 633 1100 et
656 1034 905 1119 capellanorum
930 1034 1112 1119 papalium,
1136 1034 1274 1120 reliquis
1299 1052 1377 1102 vero
1395 1035 1675 1102 reservationibus

183 1144 217 1210 in
242 1162 305 1211 suo
330 1144 441 1210 valore
466 1141 726 1209 remanentibus.

291 1265 517 1352 Gregorius
534 1265 731 1352 Papaxla)
745 1265 809 1331 iarn
828 1264 882 1331 die
899 1265 929 1330 3.
946 1264 1019 1331 Jan.
1039 1265 1153 1352 13711)
1171 1265 1190 1330 1.
1209 1283 1237 1331 6.
1255 1267 1331 1332 ante
1348 1284 1429 1333 suae
1445 1267 1674 1333 coronationis

184 1375 350 1442 solemnia
374 1392 532 1458 magnam
557 1375 683 1458 partem
701 1371 901 1458 Regularum
920 1371 1144 1439 Cancellariae
1162 1390 1299 1438 suorum
1317 1373 1612 1457 praedecessorum
1629 1392 1673 1440 sc.

182 1482 347 1549 lobannis
382 1480 487 1560 xxll,
523 1478 693 1546 Benedicti
729 1479 804 1559 xil,
849 1478 1032 1546 Clementis
1067 1479 1129 1559 Vl,
1165 1480 1350 1546 Innocentii
1373 1480 1437 1560 111,
1473 1480 1599 1548 Urbani
1634 1481 1673 1546 V.

83 1605 84 1608 ’
184 1607 293 1672 usque
333 1587 374 1653 ad
414 1586 681 1672 praedecessoris
721 1587 778 1652 sui
803 1585 965 1671 Regulam
1004 1588 1117 1652 contra
1158 1605 1248 1668 „non
1277 1588 1430 1672 parentes
1459 1588 1674 1672 processibus

185 1694 445 1781 Apostolicis“4)
500 1711 576 1760 cum
632 1693 728 1760 certis
783 1691 1124 1780 modificationibust)
1182 1694 1389 1779 approbavit.
1451 1692 1537 1760 Cum
1585 1695 1673 1759 enim

185 1802 405 1868 antecessoris
445 1801 496 1869 sui
543 1801 684 1885 vestigia
723 1800 936 1884 subsequens
975 1800 1138 1867 beneficia
1177 1800 1437 1868 collectorum
1484 1802 1673 1881 reservaret,

184 1909 237 1974 31.
262 1908 342 1975 Dec.
370 1908 487 1994 13701)
511 1907 675 1975 beneficia
700 1907 1033 1974 succollectorum
1058 1908 1100 1974 ab
1124 1906 1243 1974 eadem
1268 1908 1493 1974 reservatione
1517 1926 1675 1992 expresse

184 2014 400 2081 deliberando
446 2014 607 2082 liberavit.
669 2014 807 2099 lnsuper
859 2015 1116 2082 reservationem
1163 2015 1408 2101 generalem
1461 2015 1673 2082 ecclesiarum

184 2121 461 2207 patriarchalium,
497 2121 831 2206 archiepiscopalium
857 2139 990 2187 necnon
1014 2122 1257 2207 episcopalium
1282 2121 1430 2188 valorem
1454 2120 1673 2188 ducentorum

181 2229 385 2294 florenorum
403 2227 635 2295 excedentium
652 2231 685 2294 et
700 2229 978 2294 monasteriorum
996 2229 1140 2295 virorum
1155 2229 1303 2296 valorem
1320 2230 1452 2296 centum
1469 2228 1672 2295 florenorum

182 2333 411 2401 excedentium
436 2354 455 2401 a
484 2333 741 2420 praedecessore
780 2336 1025 2420 promulgatam
1065 2353 1135 2401 non
1174 2335 1318 2420 amplius
1357 2336 1574 2418 renovavitq,
1614 2335 1673 2400 sed

181 2440 302 2507 eodem
327 2441 381 2507 die
405 2460 449 2508 sc.
474 2442 505 2507 3.
529 2441 602 2508 Jan.
627 2460 656 2507 e.
682 2461 710 2508 a.
735 2440 840 2508 dictas
865 2442 1023 2509 ecclesias
1047 2443 1079 2508 et
1103 2442 1305 2508 monasteria
1329 2441 1415 2507 sine
1438 2441 1673 2508 discrimine

182 2548 312 2634 quoad
358 2550 531 2615 valorem
579 2566 818 2633 quocunque
865 2548 981 2614 modo
1028 2550 1065 2614 et
1111 2549 1337 2633 ubicunque
1383 2549 1565 2615 vacantia
1611 2548 1672 2614 vel

181 2658 366 2722 vacatura
402 2656 479 2722 sibi
515 2654 561 2721 ad
597 2655 701 2720 vitae
725 2654 812 2722 dies
837 2655 1070 2735 reservavit,
1102 2656 1323 2734 monasteriis,
1348 2655 1549 2739 prioratibus
1574 2656 1673 2740 atque

181 2763 420 2849 praeposituris
445 2762 621 2829 mulierum
646 2764 774 2828 tantum
799 2762 988 2848 exceptus)

288 2888 426 2973 lnsuper
470 2888 637 2954 revocavit
680 2886 769 2953 idem
818 2886 1002 2971 Gregorius
1038 2887 1088 2953 Xl.
1137 2905 1256 2954 omnes
1302 2887 1568 2972 exspectationes
1615 2904 1674 2970 per

182 2993 473 3080 praedecessorem
521 3011 619 3061 suum
666 3011 855 3073 concessas,
903 2995 937 3059 in
984 2994 1108 3078 quibus
1156 2995 1208 3060 ius
1254 2995 1288 3059 in
1334 3012 1368 3059 re
1414 2992 1566 3060 nondum
1606 2995 1674 3059 erat

182 3101 416 3188 quaesitum.⁹)

242 3304 243 3307 Ἴ
287 3225 390 3292 Porro
427 3227 598 3292 renovavit
633 3225 732 3313 etiam
768 3225 995 3310 generalem
1032 3226 1290 3292 reservationem
1327 3225 1368 3291 ab
1393 3224 1531 3291 Urbano
1554 3225 1592 3290 V.
1619 3224 1672 3290 die

183 3334 210 3399 1.
236 3332 326 3418 Sept.
355 3329 486 3419 136310)
511 3332 713 3416 publicatam
739 3350 783 3398 sc.
809 3331 922 3417 quoad
946 3332 1110 3399 beneficia
1134 3332 1355 3398 curialium.

244 3547 265 3614 1)
285 3546 397 3600 lbidem.

287 3636 347 3690 Hoc
367 3636 427 3690 loco
445 3637 472 3688 in
492 3638 649 3690 memoriam
669 3650 796 3690 revocare
815 3635 895 3689 liceat
914 3634 983 3690 iacta
1002 3637 1157 3705 sequentia:
1258 3624 1262 3629 ⁴

290 3724 357 3780 1337
375 3725 475 3794 Aprilis
493 3724 528 3779 30
546 3755 582 3762 -
600 3724 726 3780 Urbanus
745 3724 778 3779 V.
798 3725 847 3779 lter
866 3723 1016 3785 Romanum
1035 3725 1101 3779 iniit.

315 3837 326 3860 ε
378 3814 505 3869 Octobris
526 3814 566 3868 16.
586 3813 752 3875 -Romam
771 3815 854 3868 venit.

290 3904 358 3958 1370
376 3903 450 3973 Sept.
469 3903 512 3957 24.
531 3934 566 3941 —
584 3903 658 3958 Urbe
676 3904 772 3957 iterum
791 3903 881 3958 relicta
899 3903 1070 3958 Avenionem
1089 3905 1220 3973 pervenit,
1240 3904 1286 3957 ubi
1306 3904 1350 3958 die
1372 3903 1411 3957 19.
1425 3902 1491 3956 Dec.
1511 3918 1534 3956 e.
1554 3916 1577 3956 a.
1599 3902 1672 3956 diem

183 3993 279 4048 clausit
298 3995 455 4048 extremum.

242 4081 266 4152 1)
286 4072 394 4137 Electus
412 4081 555 4135 Avenlone
575 4080 619 4135 die
638 4079 681 4136 30.
700 4081 766 4136 Dec.
789 4081 857 4137 1370
875 4111 911 4121 -
929 4083 1073 4137 coronatus
1093 4083 1137 4136 die
1155 4080 1181 4136 5.
1200 4082 1258 4137 Jan.
1281 4082 1357 4137 1371.

243 4170 267 4240 1)
287 4170 328 4226 Ct.
348 4171 489 4226 Ottenthal
507 4169 524 4224 l.
544 4185 566 4224 c.
586 4185 612 4239 p.
632 4169 666 4225 29
685 4169 721 4223 n⁰
739 4169 783 4224 32.

242 4261 265 4330 ⁴)
285 4261 389 4315 lbidem
408 4276 434 4330 p.
454 4259 488 4314 22
507 4257 543 4313 n⁰
561 4259 604 4314 36.

243 4347 266 4418 ⁵)
286 4350 389 4404 ibidem
408 4365 434 4419 p.
454 4347 615 4404 26-2911ο
636 4348 729 4403 1-32.

243 4438 264 4506 1)
285 4439 387 4493 lbidem
406 4454 432 4508 p.
452 4437 487 4492 28
506 4437 545 4491 n⁰
565 4435 606 4493 15.

288 4528 327 4582 Ex
345 4527 436 4582 verbis
468 4527 516 4591 ,de
536 4527 758 4581 succollectorum
778 4528 864 4581 voluit
892 4527 1054 4582 deliberare·
1085 4527 1150 4581 satis
1178 4528 1296 4596 apparet,
1326 4526 1360 4581 de
1388 4541 1550 4596 unaquaque
1569 4527 1672 4598 Regula

180 4632 291 4671 suorum
319 4618 558 4686 praedecessorum
584 4631 673 4670 coram
693 4615 814 4677 Romano
832 4614 972 4681 Pontitice,
1000 4616 1105 4671 maturo
1124 4616 1282 4685 praehabito
1305 4617 1427 4681 consilio,
1447 4632 1495 4685 pro
1519 4618 1671 4686 temporum

160 4692 389 4761 'necessitatibus
408 4706 506 4761 sedulo
524 4703 609 4760 luisse
629 4705 815 4760 deliberatum.

244 4795 266 4864 1)
285 4794 389 4850 lbidem
408 4810 435 4864 p.
455 4794 489 4849 28
508 4792 544 4847 n⁰
566 4795 605 4850 11.

242 4884 265 4956 11)
285 4884 388 4939 lbidem
406 4899 432 4952 p.
452 4883 558 4938 28-29
577 4881 613 4937 n0
631 4883 673 4949 22,
693 4884 755 4944 221.

242 4972 264 5044 1)
283 4973 385 5028 ibidem
404 4988 430 5042 p.
451 4973 485 5028 28
503 4971 539 5027 n⁰
560 4973 600 5028 19.

288 5062 356 5118 Cod.
376 5061 406 5117 B.
425 5061 482 5132 tol.k
493 5061 543 5117 164
561 5060 597 5115 n⁰
617 5063 675 5119 138.
713 5062 836 5133 (,Nuper
855 5062 1067 5132 intendentes“).

287 5152 330 5207 De
349 5154 390 5217 iis,
410 5154 455 5221 qui
474 5153 502 5206 vi
523 5152 678 5207 Litterarum
697 5153 940 5221 exspectativarum
959 5154 1001 5208 ius
1020 5154 1048 5207 in
1067 5167 1095 5209 re
1118 5155 1171 5207 iarn
1190 5152 1375 5224 possidebant,
1394 5151 1507 5208 consule
1526 5151 1669 5210 Ottenthal

180 5243 197 5297 1.
217 5257 239 5296 c.
259 5257 285 5311 p.
305 5241 340 5296 28
358 5238 394 5295 n0
415 5240 455 5305 17,
477 5240 517 5294 19.

235 5328 271 5401 ¹⁰)
288 5330 391 5385 Ibidem
411 5345 436 5402 p.
457 5329 491 5386 29
510 5327 546 5385 n⁰
564 5329 607 5384 23.
