3720 5932
816 321 1030 417 ...3⁷-

182 544 241 592 seu
275 525 541 604 distribuciones‚
578 528 760 610 proventus
796 529 828 592 et
871 526 1054 614 redditusb
1094 528 1304 612 singulorum
1343 527 1599 593 canonicatuum
1638 530 1671 593 et

181 632 422 718 prebendarum
474 631 634 697 dictarum
670 632 882 698 ecclesiarum
918 633 1018 698 taxati
1053 632 1095 699 ad
1131 633 1295 700 decimam
1331 633 1420 699 iuxta
1459 633 1668 699 taxacionem

181 738 374 804 huiusmodi
392 739 444 803 vel
467 738 650 803 secundum
675 739 904 823 quantitatem,
929 757 994 824 que
1012 742 1062 805 est
1080 758 1139 824 pro
1164 740 1229 806 illis
1246 741 1404 806 hactenus
1430 739 1573 825 persolvi
1594 738 1669 825 (sic)

182 864 242 930 pro
289 844 419 911 decima
458 847 627 924 consueta,
675 864 889 930 nequaquam
928 844 1089 912 excedant
1128 864 1277 912 summas
1312 849 1505 926 contentas
1558 848 1671 931 quoad

181 952 343 1019 beneficia
390 952 612 1018 ecclesiastica
658 970 733 1018 cum
780 970 856 1019 cura
907 952 960 1018 vel
999 953 1072 1019 sine
1114 970 1191 1019 cura
1231 954 1264 1018 in
1302 953 1417 1019 litteris
1463 952 1669 1038 apostolicis,

155 1059 328 1125 obtentis
364 1058 398 1124 in
437 1058 542 1124 forma
582 1057 766 1124 secundum
803 1077 903 1143 quam
941 1077 1001 1144 pro
1037 1060 1242 1144 pauperibus
1277 1059 1403 1126 clericis
1428 1058 1670 1126 beneficiandis

181 1164 347 1231 interdum
365 1164 450 1230 dicta
469 1164 566 1230 sedes
591 1165 733 1231 scribere
750 1167 934 1244 consuevit,
959 1168 1071 1232 tamen
1088 1167 1198 1250 grossi
1214 1167 1338 1232 fructus
1355 1168 1387 1232 et
1403 1165 1669 1246 distribuciones,

182 1275 365 1357 proventus
397 1274 429 1337 et
459 1270 607 1337 redditus
642 1271 847 1352 huiusmodi,
883 1273 983 1338 taxati
1021 1275 1053 1338 et
1088 1290 1158 1338 non
1192 1273 1303 1351 taxati,
1328 1272 1465 1338 insimul
1488 1273 1670 1357 computati

181 1396 312 1446 necnon
364 1378 498 1457 fructus,
545 1377 694 1444 redditus
748 1381 780 1445 et
833 1381 1014 1463 proventus
1061 1396 1099 1445 ac
1151 1378 1415 1445 destribuciones
1462 1363 1670 1463 singulorum

182 1486 439 1552 canonicatuum
480 1487 512 1550 et
551 1485 794 1569 prebendarum
832 1484 991 1552 dictarum
1021 1486 1244 1565 ecclesiarum,
1284 1486 1318 1551 fn
1358 1485 1480 1571 quibus
1520 1485 1670 1569 ipsorum

182 1591 385 1678 particularis
409 1591 538 1657 taxacio
562 1609 631 1657 non
668 1592 828 1658 habeatur
851 1590 892 1677 ad
917 1591 1107 1672 decimam,
1125 1594 1160 1658 ut
1184 1592 1381 1677 prefertur,8)
1418 1589 1510 1676 quod
1547 1591 1671 1676 singuli

182 1699 333 1765 canonici
359 1698 550 1784 percipiunt
571 1699 742 1764 annuatim
776 1698 940 1784 predictas
976 1718 1125 1766 summas
1150 1698 1334 1765 secundum
1359 1697 1609 1764 distinctionem
1629 1697 1671 1764 de

183 1806 303 1872 curatis
321 1807 352 1870 et
369 1823 439 1871 non
456 1805 575 1871 curatis
593 1805 766 1872 beneficiis
783 1806 817 1871 in
842 1805 957 1872 litteris
974 1806 1058 1891 ipsis
1076 1805 1261 1893 expressef)
1279 1805 1437 1872 excedere
1453 1803 1673 1870 dinoscuntur

183 1915 215 1978 et
243 1911 335 1996 quod
367 1912 583 1996 impetrantes
623 1912 746 1978 litteras
757 1911 796 1999 10)
843 1913 878 1978 in
924 1912 1031 1978 forma
1071 1913 1233 1998 premissa
1269 1912 1310 1978 de
1349 1911 1602 1978 canonicatibus
1641 1912 1674 1976 et

184 2018 365 2104 prebendis
400 2019 434 2083 in
470 2017 620 2084 ecclesiis
645 2019 729 2103 ipsis
754 2037 814 2104 pro
838 2022 989 2104 tempore
1013 2020 1208 2086 vacantibus
1233 2037 1382 2085 summas
1407 2016 1541 2084 easdem
1566 2016 1673 2082 taliter

184 2125 421 2191 excedentibus
458 2125 521 2190 sibi
557 2125 704 2191 fecerunt
727 2128 760 2191 et
783 2126 907 2192 faciunt
942 2145 1001 2212 per
1024 2126 1159 2193 easdem
1185 2126 1308 2192 litteras
1333 2123 1509 2210 provideri,
1540 2125 1674 2208 propter

185 2232 276 2317 quod
301 2231 463 2298 nonnulla
481 2231 594 2311 dubia,
619 2232 704 2312 lites,
722 2231 954 2299 dissensiones
971 2235 1003 2299 et
1019 2233 1243 2299 controversie
1261 2234 1338 2298 sunt
1354 2233 1477 2297 exorta.
1512 2229 1672 2297 Volentes

184 2340 283 2424 igitur
308 2356 408 2423 super
432 2338 496 2404 biis
521 2338 633 2404 licium
659 2341 691 2405 et
708 2339 887 2406 dubietatis
909 2339 1087 2406 cuiuslibet
1102 2340 1274 2405 materiam
1292 2340 1463 2422 amputare
1480 2337 1672 2403 auctoritate

183 2447 368 2531 apostolica
384 2446 529 2531 presenti
541 2446 580 2533 10)
594 2447 838 2513 constitucione
855 2447 1038 2525 sanximus,
1061 2448 1095 2511 ut
1111 2445 1192 2511 nulli
1210 2446 1324 2525 exeis,
1343 2445 1400 2529 qui
1418 2445 1674 2529 impetraverunt

183 2554 344 2620 hactenus
377 2552 430 2619 vel
466 2553 500 2617 in
536 2556 707 2637 posterum
744 2554 968 2637 impetrabunt
1002 2571 1021 2618 a
1057 2552 1179 2637 prefata
1215 2551 1296 2618 sede
1335 2551 1458 2616 litteras
1498 2550 1532 2616 in
1567 2550 1673 2616 forma

185 2660 340 2746 predicta,
376 2659 418 2726 ad
451 2660 668 2726 canonicatus
704 2662 737 2725 et
761 2657 949 2744 prebendas
974 2658 1186 2724 ecclesiarum
1212 2658 1369 2743 ipsarum,
1395 2674 1537 2741 quorum
1562 2657 1673 2742 grossi

185 2768 318 2846 fructus
354 2765 623 2845 distribuciones,
661 2765 809 2832 redditus
841 2768 873 2831 et
901 2767 1084 2850 proventus
1109 2764 1213 2831 dictas
1250 2782 1410 2843 summas,
1446 2765 1481 2829 ut
1505 2764 1673 2848 prefertur,

186 2873 355 2952 excedant,
392 2872 649 2958 quomodolibet
684 2871 900 2938 admittantur
942 2874 975 2937 et
1010 2870 1102 2957 quod
1150 2871 1343 2937 huiusmodi
1391 2870 1495 2936 littere
1542 2888 1673 2937 necnon

186 2998 363 3064 processus
388 2981 581 3046 auctoritate
599 2997 711 3045 earum
723 2976 762 3062 11)
787 2979 890 3045 habiti
915 2980 946 3044 et
970 2977 1115 3044 habendi
1137 2977 1179 3043 ad
1200 2978 1416 3044 canonicatus
1441 2979 1472 3043 et
1487 2975 1674 3062 prebendas

186 3087 324 3154 eosdem
353 3087 542 3153 nullatenus
578 3086 804 3153 extendantur.
862 3085 1055 3152 Presentem
1072 3125 1073 3128 =
1091 3085 1369 3151 constitucionem
1395 3085 1498 3150 eciam
1523 3082 1565 3149 ad
1590 3083 1673 3163 lites,

185 3213 303 3260 causas
339 3196 371 3260 et
405 3195 546 3279 negocia
583 3195 653 3259 sive
688 3212 748 3278 per
782 3193 1032 3278 appellaciones
1067 3192 1119 3258 vel
1154 3191 1236 3257 alias
1272 3191 1499 3276 quovismodo
1535 3202 1567 3256 et
1602 3190 1673 3255 ubi-

143 3334 146 3340 ·
186 3320 318 3386 cunque
364 3301 602 3386 premissorum
646 3301 823 3367 occasione
861 3300 996 3365 suborta
1032 3301 1063 3365 et
1109 3297 1295 3384 pendencia
1334 3298 1486 3364 volentes
1530 3295 1673 3376 extendi,

186 3427 244 3493 per
267 3409 545 3475 constitucionem
571 3409 681 3473 autem
717 3405 912 3472 huiusmodi
949 3407 1008 3485 eie,
1045 3406 1102 3490 qui
1139 3406 1172 3470 in
1209 3405 1295 3471 dicta
1330 3406 1437 3471 forma
1471 3405 1605 3482 litterae,
1640 3405 1675 3468 ut

187 3517 367 3600 premittur,
393 3516 608 3600 impetrarunt
646 3516 678 3578 et
713 3532 772 3598 per
810 3531 866 3578 eas
892 3515 969 3578 sunt
992 3513 1209 3578 canonicatus
1233 3515 1266 3578 et
1289 3511 1477 3597 prebendas
1495 3513 1528 3577 in
1546 3509 1673 3576 eisdem

186 3622 334 3688 ecclesiis
359 3623 495 3706 pacifice
514 3621 656 3687 assecuti
682 3622 713 3685 et
737 3620 803 3686 illis
839 3620 944 3685 eciam
982 3620 1039 3703 qui
1075 3620 1226 3684 nondum
1263 3622 1341 3685 sunt
1376 3620 1523 3704 ipsarum
1558 3618 1674 3702 vigore

187 3730 349 3796 beneficia
384 3729 537 3807 assecuti,
563 3727 674 3812 quoad
700 3727 754 3793 illa
766 3726 805 3812 12)
830 3726 1003 3805 beneficia,
1033 3727 1082 3792 eis
1099 3743 1158 3810 per
1173 3724 1277 3792 dictas
1294 3726 1416 3792 litteras
1433 3724 1672 3809 competenda,

186 3837 314 3901 nullum
350 3836 507 3902 volumus
545 3833 763 3918 preiudicium
801 3834 963 3918 generari.
1010 3832 1237 3899 Decementes
1272 3834 1397 3898 irritum
1433 3834 1465 3898 et
1489 3831 1588 3920 inane
1612 3832 1672 3896 etc.

292 3961 415 4026 Datum
441 3959 606 4058 llvinione
630 3959 668 4028 X.
694 3958 757 4024 kal.
782 3958 984 4025 Novembris
1009 3957 1222 4042 pontificatus
1246 3958 1349 4024 nostri
1374 3976 1403 4023 a.
1429 3956 1583 4041 septimo.

253 4209 270 4241 r·
290 4210 363 4263 Haec
383 4210 537 4263 constitutio
557 4208 630 4278 apud
649 4207 766 4262 Daumet
785 4208 801 4262 l.
822 4222 843 4261 c.
857 4205 893 4261 n⁰
911 4206 963 4261 896
982 4204 1116 4274 publicata
1136 4205 1178 4259 est
1195 4220 1211 4258 e
1229 4198 1357 4269 Regisiris
1375 4197 1520 4268 Vaticanis,
1541 4204 1592 4256 hoc
1612 4202 1673 4256 loco

186 4314 247 4352 curn
266 4299 458 4353 variatiznibus
477 4299 621 4367 apponitur
640 4297 790 4351 secundum
809 4297 912 4350 textum
932 4293 1065 4349 Codicum
1085 4293 1114 4347 Β.
1135 4295 1162 4348 et
1180 4294 1212 4348 V.
1620 4290 1629 4307 ⁸

252 4391 271 4455 1)
291 4389 357 4441 baec
376 4388 458 4440 verba
478 4388 577 4441 desunt
596 4389 622 4439 in
643 4386 707 4456 Reg.
729 4385 789 4439 Vat.

249 4476 272 4545 2)
292 4491 471 4545 requaquam:
491 4475 523 4531 V.

250 4564 273 4634 θ)
292 4565 428 4634 plerisque
447 4565 518 4619 aliis:
538 4565 603 4636 Reg.
624 4565 657 4619 V.

249 4653 273 4723 ⁴)
293 4654 393 4708 fructus
412 4656 500 4724 grossi
520 4654 555 4709 ad
575 4654 721 4708 decimam:
742 4653 807 4723 Reg.
830 4652 888 4707 Vat.

250 4741 274 4811 5)
294 4744 419 4797 babetur:
439 4743 504 4813 Reg.
524 4742 589 4807 Vat;
608 4743 640 4797 V.

250 4832 274 4899 ⁶)
293 4832 395 4887 fructus
414 4835 513 4902 grossi:
534 4832 598 4902 Reg.
619 4831 679 4886 Vat.

252 4922 274 4990 ⁷)
294 4922 384 4975 deest:
405 4921 437 4975 V.

250 5010 273 5078 8)
293 5012 322 5064 ut
341 5009 478 5079 prefertur,
498 5010 531 5064 ad
551 5010 682 5065 decimam
702 5024 757 5063 non
776 5009 898 5073 babetur,
918 5023 999 5076 quos:
1019 5008 1084 5077 Reg.
1104 5008 1164 5062 Vat.

251 5101 273 5168 9)
293 5114 462 5168 expressam:
482 5099 547 5169 Reg.
566 5099 626 5152 Vat.

237 5187 269 5257 10)
291 5188 380 5243 deest:
400 5186 433 5241 V.

236 5277 273 5347 11)
293 5292 384 5332 earum
404 5277 571 5330 auctoritate:
592 5275 658 5346 Reg.
677 5275 737 5329 Vat.

238 5365 272 5437 Π)
292 5368 355 5422 alia:
376 5366 440 5436 Reg.
460 5364 520 5419 Vat.
