1023 1631
500 157 522 173 ⁹2

139 209 245 226 ecclesiarum
263 214 314 230 quam
326 209 363 226 aliis
380 209 468 226 beneflciis
485 209 603 226 ecclesiasticis
620 213 658 226 cum
670 212 709 226 cura
720 209 748 226 vel
759 209 796 226 sine
808 213 851 229 tura,
863 208 885 226 de

140 236 201 257 qulbus
216 235 293 252 nondum
308 235 433 257 provideramus
448 240 478 252 seu
490 236 574 257 provideri
587 236 726 252 mandaveramus
737 240 758 252 ex
769 236 818 252 certis
830 235 885 253 causis

139 262 254 279 revocavimus
270 263 286 279 et
303 263 365 279 nullius
382 263 423 279 tunc
440 267 477 279 esse
494 262 600 279 decrevimus
611 262 699 280 firmitatis.
722 262 805 280 Volumus
822 263 884 282 tamen,

139 289 265 306 revocacionem
294 289 391 306 huiusmodi
420 289 441 306 ad
466 289 563 311 dignitates,
588 289 688 311 personatus
713 290 730 306 et
754 290 810 306 curata
829 289 886 306 officia

139 320 173 332 non
197 316 269 332 extendi.
311 316 417 333 intendentes
448 316 498 337 igitur
528 316 572 333 viam
602 316 731 338 quibuscunque
760 315 821 336 dubiis,
852 320 885 337 que

139 342 195 364 quoad
214 343 293 359 vacantia
312 343 387 364 tempore
404 342 501 359 huiusmodi
520 343 634 359 revocationis
653 342 734 359 beneficia
753 343 824 364 possent
843 342 885 359 circa

139 369 264 386 revocacionern
277 369 347 386 eandem
356 370 416 386 exoriri
424 369 500 390 forsitan,
514 370 600 391 amputare
612 369 709 386 auctoritate
717 369 815 391 apostolica,
827 369 885 386 tenore

139 396 244 417 presencium
251 396 359 416 declaramus,
368 397 425 413 nostre
433 396 535 413 intencionis
542 396 595 413 tuisse
604 397 620 413 et
628 401 671 416 esse,
680 396 805 413 revocacionem
814 396 884 413 eandem

139 422 159 439 ad
172 423 280 439 canonicatus
293 423 309 439 et
317 423 411 444 prebendas
419 423 527 439 ecclesiarum
536 423 610 444 ipsarum
619 423 635 439 et
643 423 675 439 alia
684 423 766 440 beneficia
774 422 885 439 ecclesiastica

140 454 240 471 quecunque
258 450 274 466 et
294 449 417 471 qualiacunque
436 450 512 471 tempore
533 449 630 466 huiusmodi
650 449 769 466 reservacionis
789 449 885 471 ubicunque

138 477 155 493 et
172 476 315 498 quomodocunqe
332 476 410 493 vacancia
428 481 462 493 non
480 476 553 496 extendi,
566 476 679 496 decernentes,
696 476 746 497 prout
757 477 782 492 est
795 476 857 492 initum
869 476 885 492 et

139 503 193 523 inane,
206 503 286 524 quicquid
304 503 360 519 contra
379 503 510 519 declaracionem
530 503 604 519 nostram
623 503 720 520 huiusmodi
733 503 848 524 attemptatum
860 503 885 519 est

138 529 165 546 vel
177 530 265 551 contigerit
277 530 375 551 attemptari.
395 529 440 546 Nulli
453 534 493 551 ergo
504 530 537 546 etc
561 529 578 546 Si
591 530 628 551 quis
641 530 696 546 autem
709 530 738 546 etc.
758 534 763 541 ·

192 560 253 577 Datum
265 560 349 577 Avinione
359 560 379 577 V.
392 560 430 577 idus
441 561 499 578 Marcii
511 561 620 582 pontificatus
632 561 685 577 nostri
697 565 711 577 ar
724 560 795 577 decimo.

495 654 528 674 46.

139 685 173 699 1³52
183 685 215 699 Dec.
227 685 246 699 19,

138 707 173 721 (ἰού,
183 707 197 721 Β.
207 707 230 721 iol.
241 707 315 721 140—141.

165 761 279 784 Declaracio,
295 761 348 786 quod
362 761 421 781 forma
437 761 515 786 perinde
529 761 590 781 valere
604 761 634 781 vel
648 761 683 781 alia
697 761 817 781 confirmacio
832 761 855 781 ita

403 792 458 812 afficit
472 793 520 812 sicut
534 793 617 812 collacior

281 828 371 848 Clemens
385 829 419 848 etc.
447 828 478 848 Ad
492 829 574 848 futuram
589 830 613 848 rei
629 830 744 849 memoriam.

190 873 268 890 Dudum
277 878 345 890 omnes
354 873 462 890 canonicatus
471 874 487 889 et
495 873 595 895 prebendas,
608 873 703 895 dignitates,
716 873 820 895 personatus,
829 873 884 890 otiicia

137 901 153 917 et
161 900 245 920 eeclesias,
254 901 307 916 cetera
316 900 397 916 beneficia
406 900 538 921 ecclesiastiea,¹)
551 900 630 917 secularia
643 901 659 917 et
667 900 753 921 regularia,
766 904 803 916 curn
812 904 850 916 cura
858 900 885 917 vel

137 927 173 943 sine
185 931 229 946 cura,
248 931 277 948 per
294 926 419 943 assecucionem
438 927 525 948 pacificam
543 931 682 948 quorumcunque
698 927 817 943 beneficiorum
833 926 884 943 eccle-

138 953 242 970 siasticorum
263 958 292 975 per
311 958 342 970 nos
362 958 392 970 seu
412 953 507 970 auctoritate
528 953 617 970 litterarum
638 954 730 970 nostrarum
750 953 848 970 collatorum
868 954 885 970 et

139 980 242 1001 inposterum
260 979 398 997 conferendorum
411 980 498 996 collacioni
518 980 534 996 et
546 980 656 1001 dispositioni
674 981 730 997 nostre
742 980 821 996 duximus
833 984 884 996 reser-

138 1007 197 1026 vanda,
210 1007 318 1023 decernentes
331 1007 391 1023 extunc
404 1006 465 1023 irritum
478 1007 494 1023 et
506 1007 557 1023 inane
569 1007 667 1028 attemptari.

190 1038 301 1055 Postmodum
319 1042 358 1054 vero
376 1038 457 1054 nonnulle
475 1043 553 1059 persone,
572 1038 634 1059 quibus
652 1038 748 1055 auctoritate
764 1038 847 1055 ordinaria
858 1037 885 1054 vel

137 1065 168 1081 alia
186 1065 267 1081 nonnulla
285 1065 367 1081 beneficia
384 1065 495 1081 ecclesiastica
511 1069 549 1081 cum
562 1069 599 1082 cura
612 1065 637 1081 vel
650 1065 686 1082 sine
698 1070 736 1081 cura
748 1065 808 1081 collata
820 1065 885 1081 fuerant

137 1093 153 1107 et
165 1091 189 1108 eis
201 1092 222 1108 de
234 1092 267 1108 illis
280 1091 365 1113 provisum
378 1091 457 1111 extiterat,
476 1096 508 1113 que
517 1096 535 1108 se
543 1096 577 1108 non
589 1092 736 1113 compatiebantur
748 1096 785 1108 cum
798 1091 885 1108 beneficiis

137 1118 262 1138 ecclesiasticis,
275 1123 307 1139 que
319 1119 394 1139 ternpore
406 1118 503 1135 collacionis
516 1119 532 1135 et
544 1119 646 1140 provisionis
658 1118 754 1135 huiusmodi
767 1118 884 1140 optinebanss)

137 1144 175 1166 (sic)
194 1149 202 1161 a
221 1145 270 1161 nobis
288 1145 375 1166 diversisss)
392 1145 495 1161 successivas
514 1145 618 1166 temporibus
636 1145 743 1167 impetrarunt
755 1145 857 1161 collaciones
869 1145 885 1161 et

137 1171 242 1192 provisiones
265 1171 367 1188 huiusmodi.
400 1171 438 1188 Non
461 1172 567 1188 obstantibus
590 1172 719 1193 quibuscunque
741 1171 885 1188 reservacionibus

137 1198 231 1214 confirmari
247 1199 275 1214 aut
291 1198 323 1215 sibi
338 1198 407 1215 concedi
423 1198 459 1215 sive
474 1198 541 1215 decerni
557 1198 657 1215 collaciones
670 1199 686 1215 et
697 1198 804 1220 provisiones
816 1198 884 1215 easdem

137 1224 206 1246 perinde
223 1224 277 1241 valere
295 1229 314 1241 ac
331 1224 362 1246 si⁴)
381 1225 461 1241 beneficia
478 1225 515 1247 ipsa
533 1225 644 1242 collationum
663 1226 679 1241 et
691 1225 806 1246 provisionum
818 1225 840 1242 de
852 1225 885 1242 illis

137 1251 216 1268 tactorum
235 1252 339 1273 temporibus
359 1253 440 1268 reservata
459 1252 555 1268 nullatenus
575 1252 672 1268 extitissent.
700 1251 742 1268 Cum
763 1252 823 1271 autem,
843 1252 885 1268 sicut

136 1278 237 1299 accepimus,
249 1283 259 1294 a
271 1278 357 1294 nonnullis
370 1278 386 1294 in
398 1278 468 1295 dubiurn
477 1279 568 1298 revocatur,
581 1283 602 1295 an
611 1279 631 1295 de
642 1278 738 1295 huiusmodi
747 1278 839 1298 beneficiis,
851 1283 884 1300 que

137 1309 208 1325 persone
229 1305 304 1326 tempore
324 1305 420 1321 huiusmodi
439 1305 551 1322 collacionum
570 1306 586 1322 et
604 1305 718 1327 provisionum
739 1305 847 1327 temporibus,
867 1306 885 1322 ut

137 1331 241 1352 premittitur,
253 1331 368 1353 obtinebant5)
387 1332 403 1348 et
418 1332 468 1353 quess)
487 1337 517 1353 per
533 1332 658 1349 assecucionem
676 1332 746 1348 aliorum
765 1332 884 1349 beneficiorum

136 1357 253 1379 predictorum,
271 1358 292 1374 de
310 1358 372 1379 quibus
389 1359 490 1375 collaciones
502 1360 519 1375 et
531 1359 637 1380 provisiones
649 1359 700 1375 factas
714 1358 844 1376 contii-movinus
856 1360 885 1376 aut

136 1384 190 1406 illas⁷)
208 1384 293 1401 voluimus
312 1385 348 1401 sive
366 1386 481 1402 concessimus
501 1386 530 1402 aut
550 1385 655 1402 decernimus
674 1385 743 1407 perinde
763 1385 816 1402 valere
837 1390 856 1403 ac
869 1386 884 1403 si

136 1412 217 1428 reservata
224 1416 258 1428 non
265 1412 326 1431 essentq
333 1411 375 1428 sicut
383 1412 487 1433 premittitur,
495 1413 554 1434 posset
563 1417 592 1434 per
600 1412 655 1432 alium,
664 1416 715 1434 quarn
724 1417 754 1434 per
764 1417 795 1429 nos
806 1412 883 1429 ordinari.

921 73 956 105 ”l
