3720 5932
817 331 1029 428 -195-

285 540 363 606 Non
387 541 599 607 obstantibus
621 540 917 621 reservacionibus,
942 542 1220 609 devolucionibus
1244 544 1276 608 et
1299 540 1371 607 aliis
1388 539 1667 626 quibuscumque,

181 667 240 734 per
270 666 335 733 que
367 648 516 732 ipsorum
542 646 785 736 beneficiorum
810 648 949 715 collacio
974 652 1006 716 et
1030 649 1214 734 disposicio
1239 647 1280 715 ad
1305 667 1369 714 nos
1393 648 1454 714 hac
1477 647 1548 713 vice
1572 645 1667 711 dum-

179 757 278 833 taxat,
303 757 338 819 ut
361 754 566 839 premittitur,
591 753 767 838 pertineret
790 773 922 821 necnon
947 756 1204 841 quibuscunque
1229 755 1359 821 statutis
1383 756 1443 821 etc.
1466 804 1473 819 .
1496 803 1504 818 .
1529 803 1536 819 .
1561 770 1669 837 usque

181 862 345 928 insistant.
393 860 459 928 Seu
484 879 521 927 ac
545 879 645 945 super
668 861 948 948 provisionibusll
972 865 1030 928 etc.
1058 916 1065 928 .
1091 912 1097 927 .
1124 913 1131 927 .
1156 862 1316 947 generari.

289 967 363 1035 Seu'
380 969 408 1034 si
433 967 560 1034 eisdem
585 967 760 1033 ordinariis
784 970 844 1034 etc.
869 1020 875 1032 .
895 1020 901 1034 .
920 1020 927 1034 .
946 970 1076 1035 mencio
1094 968 1258 1054 specialis.
1297 967 1362 1033 llut
1378 968 1407 1034 si
1424 966 1509 1033 dicte
1526 983 1670 1052 persone

181 1077 354 1161 presentes
367 1093 436 1141 non
449 1075 570 1140 fuerint
582 1078 641 1140 etc.
657 1125 663 1139 .
681 1125 687 1140 .
707 1074 802 1140 illud
816 1078 971 1159 prestent,
985 1076 1119 1161 plenam
1132 1077 1164 1141 et
1176 1075 1313 1141 liberam
1327 1073 1543 1140 concedimus
1555 1075 1670 1161 tenore

182 1183 392 1267 presencium
431 1181 620 1248 facultatem
656 1182 700 1247 ita
735 1183 857 1262 tamen,
893 1182 986 1267 quod
1024 1183 1086 1262 his,
1122 1181 1164 1248 ad
1193 1200 1280 1267 quos
1305 1181 1338 1246 in
1363 1180 1614 1247 canonicatibus
1639 1180 1671 1243 et

183 1289 363 1375 prebendis
402 1291 434 1354 et
473 1288 546 1354 aliis
585 1287 757 1354 beneficiis
796 1289 990 1355 huiusmodi
1029 1308 1088 1355 seu
1128 1288 1169 1354 ad
1212 1307 1251 1354 ea
1293 1287 1335 1353 de
1371 1288 1440 1353 iure
1479 1286 1532 1352 vel
1572 1284 1671 1352 simili

182 1396 427 1463 consuetudine
445 1396 496 1461 ius
518 1395 733 1480 presentandi
757 1399 814 1461 aut
837 1396 1035 1462 nominandi
1059 1397 1210 1482 pertinet,
1236 1395 1368 1482 possint
1392 1394 1433 1461 ad
1457 1394 1671 1461 canonicatus

183 1506 215 1569 et
239 1502 426 1588 prebendas
455 1502 587 1587 aliaque
615 1502 778 1569 beneficia
802 1503 990 1588 supradicta
1015 1502 1097 1570 infra
1120 1506 1254 1588 tempus
1278 1502 1474 1587 legitimum,
1506 1521 1525 1568 a
1549 1500 1672 1567 noticia

184 1610 392 1696 presencium
417 1609 691 1694 computandum,
727 1627 890 1694 personas
922 1610 1075 1696 ydoneas
1099 1611 1289 1695 presentare
1314 1613 1346 1676 et
1369 1610 1474 1675 eciam
1499 1608 1672 1674 nominare

184 1718 296 1796 ethii,
321 1716 362 1782 ad
387 1734 474 1800 quos
508 1717 657 1801 ipsorum
689 1719 954 1800 presentatorum
986 1718 1018 1782 et
1048 1717 1297 1783 nominatorum
1322 1716 1490 1782 institucio
1522 1715 1672 1800 pertinet,

185 1827 220 1889 ut
244 1823 411 1908 prefertur,
436 1822 517 1888 alias
542 1823 625 1908 ipsis
649 1822 755 1889 taliter
778 1825 976 1908 presentatis
1016 1842 1075 1889 seu
1114 1824 1295 1889 nominatis
1320 1824 1452 1908 possint
1475 1825 1507 1888 et
1530 1821 1674 1888 debeant

185 1930 227 1996 de
263 1931 345 2016 ipsis
382 1930 634 1996 canonicatibus
669 1932 701 1996 et
737 1930 917 2015 prebendis
952 1930 1094 2015 aliisque
1129 1930 1301 1997 beneficiis
1325 1929 1443 1997 eadem
1479 1929 1673 1996 auctoritate

185 2037 370 2123 apostolica
394 2040 440 2116 ‚ut
463 2036 631 2122 prefertur,
655 2037 840 2122 providere.
893 2037 966 2104 Nos
991 2039 1091 2116 enim,
1127 2040 1224 2122 prout
1258 2040 1309 2104 est
1342 2037 1466 2103 irritum
1502 2039 1563 2102 etc.
1594 2086 1600 2100 .
1632 2085 1673 2101 ..

186 2145 383 2230 attemptari.
429 2143 520 2210 Nulli
545 2162 626 2228 ergo
651 2147 710 2210 etc.

144 2261 146 2264 ’
190 2314 206 2360 3
292 2251 415 2317 Datum
451 2250 618 2317 Avinione
653 2251 746 2317 XVll.
783 2251 845 2318 kal.
882 2251 1052 2318 Februarii
1088 2251 1302 2337 pontificatus
1337 2250 1441 2316 nostri
1477 2269 1505 2316 a.
1531 2249 1673 2316 decimo

250 2464 272 2535 1)
291 2464 422 2519 formulae
442 2466 587 2518 consuetae
606 2464 649 2518 hic
668 2479 723 2518 non
742 2465 858 2534 amplius
877 2466 1014 2534 ponuntur
1032 2466 1059 2518 in
1079 2465 1201 2519 extenso.

190 2838 258 2894 1333
276 2838 334 2894 Jan.
354 2837 379 2894 5.
897 2732 960 2813 51⁹

189 2927 258 2983 Cod.
278 2928 308 2983 B.
328 2928 374 2983 fol.
396 2927 543 2984 159-162.

324 3053 533 3140 Revocacio
564 3058 870 3156 expectacionum
898 3056 1075 3134 factarum
1104 3078 1171 3156 per
1199 3054 1460 3134 Innocencium
1488 3053 1546 3132 Vl.

473 3180 649 3260 Urbanus
665 3173 745 3258 etc.
801 3178 862 3258 Ad
890 3181 1051 3258 futuram
1081 3184 1131 3257 rei
1160 3184 1392 3258 memoriam.

296 3321 351 3388 lld
370 3341 428 3401 ea,
454 3340 522 3407 per
538 3340 613 3407 que
630 3321 769 3388 ecclesie
785 3325 818 3387 et
832 3322 1056 3387 ecclesiastica
1073 3322 1144 3387 loca
1169 3340 1188 3386 a
1212 3320 1462 3405 gravaminibus
1484 3320 1678 3399 releventur,

190 3429 331 3496 libenter
355 3432 464 3513 partes
489 3428 673 3513 apostolice
698 3412 920 3494 solicitudinis
944 3428 1152 3494 adhibemus.

297 3535 516 3601 Attendentes
552 3537 673 3620 itaque,
711 3535 802 3619 quod
839 3536 924 3601 sicut
958 3536 1057 3601 nobis
1093 3535 1239 3600 innotuit
1277 3534 1371 3599 multi
1396 3536 1456 3600 etc.
1567 3533 1623 3618 (nt
1644 3535 1680 3598 in

192 3644 438 3709 constitucione
460 3641 635 3707 Benedicti
658 3641 730 3707 XII.
756 3641 877 3727 n019)
909 3694 915 3707 .
942 3693 948 3707 .
975 3693 981 3706 .
1007 3643 1040 3707 in
1076 3641 1172 3708 dictis
1197 3641 1345 3707 ecclesiis
1380 3641 1433 3706 vel
1468 3640 1680 3706 monasteriis

194 3752 264 3816 sive
289 3750 372 3817 locis
390 3753 422 3816 et
446 3750 550 3815 eciam
579 3749 620 3814 ad
638 3749 724 3828 illos,
750 3750 806 3833 qui
828 3749 1021 3815 huiusmodi
1042 3748 1240 3833 prebendas,
1266 3748 1456 3833 dignitates,
1482 3748 1681 3832 personatus

192 3857 245 3922 vel
273 3857 383 3923 officia
412 3859 468 3922 aut
492 3857 555 3922 alia
585 3874 784 3941 quecunque
809 3856 982 3935 beneficia,
1006 3856 1122 3940 vigore
1145 3856 1327 3941 graciarum
1353 3856 1402 3920 eis
1427 3854 1593 3934 factarum,
1623 3872 1683 3938 per

192 3964 233 4029 fe.
252 3982 295 4029 re.
318 3958 551 4029 innocencium
578 3981 699 4047 papam
716 3962 767 4028 Vl.
793 3958 1064 4048 predecessorem
1089 3965 1250 4041 nostrum,
1276 3981 1376 4046 super
1392 3962 1515 4047 quibus
1531 3964 1682 4046 tempore

193 4071 305 4136 obitus
330 4071 436 4155 ipsius
459 4069 704 4154 predecessoris
722 4070 906 4153 apostolice
930 4069 1035 4135 littere
1052 4070 1200 4136 confecte
1222 4086 1291 4134 non
1307 4068 1446 4147 fuerant,
1463 4069 1683 4153 expectabant

194 4178 317 4261 illaque
347 4178 503 4242 vacancia
535 4180 567 4242 et
590 4177 638 4242 eis
663 4175 774 4243 debita
799 4178 874 4242 ante
898 4177 987 4241 Xllll.
1013 4176 1074 4242 kal.
1102 4176 1287 4243 decembris
1312 4176 1462 4260 proxime
1479 4175 1624 4259 preteriti
1648 4175 1682 4240 in

192 4285 298 4350 forma
327 4283 439 4349 debita
463 4286 686 4369 acceptarunt,
716 4286 904 4368 presentem
940 4284 1217 4350 constitucionem
1253 4283 1409 4348 volumus
1441 4300 1510 4347 non
1539 4280 1682 4347 extendi.

193 4391 265 4457 Nos
290 4392 428 4476 insuper
451 4392 573 4456 irritum
600 4394 660 4457 etc.
707 4391 798 4457 Nulli
822 4409 903 4475 ergo
929 4392 987 4456 etc.

300 4498 423 4564 Datum
448 4497 614 4564 llvinione
639 4498 738 4564 nonis
760 4498 909 4564 ianuarii
934 4500 1026 4584 pont.
1052 4499 1156 4563 nostri
1180 4517 1209 4563 a.
1236 4497 1354 4582 primo.

197 4908 265 4964 1333
284 4908 372 4963 nam
391 4906 434 4962 3ο,
911 4800 973 4881 52'

196 4999 261 5068 neg.
282 4998 342 5052 vat.
362 5000 379 5052 1.
400 4996 525 5052 245.r01:
547 4996 605 5051 122.

613 5121 674 5201 Ad
704 5122 926 5225 Perpetuam
957 5128 1006 5201 rei
1035 5123 1274 5201 Memoriam.

304 5265 642 5331 Excommunicamus
667 5267 699 5330 et
723 5266 1042 5331 anathematizamus
1059 5284 1099 5330 ex
1121 5269 1212 5349 parte
1229 5265 1292 5330 Dei
1317 5264 1559 5348 omnipotentis
1584 5262 1686 5346 patris

201 5376 233 5438 et
258 5372 316 5437 lilii
342 5375 374 5437 et
391 5373 526 5457 spiritus
544 5372 659 5449 sancti,
684 5373 876 5438 auctoritate
902 5390 1039 5456 quoque
1056 5373 1229 5438 beatorum
1256 5371 1342 5437 Petri
1360 5374 1392 5437 et
1409 5371 1503 5437 Pauli
1521 5389 1558 5437 ac
1574 5372 1688 5436 nostra

1547 5494 1564 5546 8
