3720 5932
710 1470 1147 1601 praenotanda.

288 1944 501 2100 Antequam
539 2017 794 2103 disquisitiones
830 2018 863 2083 in
899 2017 1112 2103 Apostolicas
1144 2016 1410 2084 Constitutiones
1446 2019 1487 2084 de
1522 2020 1671 2104 generali

181 2122 422 2188 beneficiorum
454 2126 677 2190 reservatione
709 2124 814 2190 editas
846 2124 1029 2209 aggrediar,
1054 2125 1201 2190 muneris
1226 2125 1290 2190 mei
1316 2128 1425 2209 partes
1450 2143 1524 2191 esse
1548 2144 1671 2192 censeo

183 2246 289 2313 pauca
336 2229 475 2313 praefari
523 2230 564 2296 de
611 2231 765 2315 opusculi
813 2231 913 2297 huius
960 2231 1089 2316 origine
1136 2235 1168 2297 et
1206 2231 1366 2311 consiliis,
1414 2250 1500 2316 quae
1540 2233 1573 2297 fn
1613 2232 1671 2297 illo

182 2335 421 2420 componendo
447 2340 581 2402 secutus
607 2356 691 2403 sum.

290 2440 376 2508 Cum
395 2443 544 2528 quinque
569 2445 667 2510 annis
684 2447 759 2510 ante
784 2444 817 2509 in
835 2442 933 2509 Alma
951 2444 1040 2510 Urbe
1058 2447 1187 2529 praeter
1203 2445 1266 2510 alia
1283 2445 1419 2529 negotia
1436 2446 1469 2510 in
1486 2444 1672 2511 Tabulariis

181 2548 351 2615 Vaticanis
376 2550 474 2615 etiam
500 2550 661 2635 Registris
686 2550 869 2616 pontificiis
893 2554 960 2616 tam
984 2551 1153 2617 Vaticanis
1183 2569 1283 2636 quam
1308 2551 1602 2618 Avenionensibus
1634 2570 1672 2617 ea

183 2655 369 2721 intentione
386 2657 633 2742 perscrutandis
652 2659 888 2736 incumberem,
907 2661 942 2723 ut
959 2658 1096 2724 Litteras
1112 2657 1324 2743 Apostolicas
1338 2658 1416 2724 inde
1429 2677 1447 2723 a
1460 2658 1670 2743 temporibus

181 2761 347 2828 Johannis
365 2763 427 2828 ΡΡ.
444 2764 537 2830 ΧΧΙΙ.
556 2783 664 2849 usque
685 2765 726 2830 ad
751 2764 950 2849 Gregorium
967 2764 1030 2830 ΡΡ.
1047 2765 1097 2830 ΧΙ.
1115 2765 1282 2832 confectas
1300 2766 1493 2850 praesertim
1511 2765 1673 2831 beneficia

181 2869 451 2936 Vratislaviensia
477 2871 664 2956 specialiter
694 2875 899 2938 reservantes
925 2871 1043 2937 sedulo
1068 2872 1270 2956 colligerem,
1303 2872 1367 2937 iam
1392 2874 1471 2938 tunc
1495 2871 1614 2937 mediis
1639 2872 1672 2937 in

183 2975 235 3041 his
260 2975 379 3042 studiis
403 2977 484 3043 mihi
509 2979 542 3043 in
568 2982 713 3045 mentem
738 2979 830 3044 venit
854 2978 976 3044 iustum
1006 2998 1087 3044 sane
1112 2979 1175 3045 hoc
1200 2979 1421 3064 propositum,
1454 2977 1672 3062 conquirendi

184 3083 282 3148 simul
319 3086 350 3149 et
386 3103 504 3150 omnes
540 3083 807 3151 Constitutiones
843 3088 875 3151 et
911 3085 1048 3150 Litteras
1076 3085 1289 3170 Apostolicas
1326 3085 1477 3151 eiusdem
1512 3085 1673 3169 temporis

182 3190 414 3273 generalem
462 3192 700 3258 beneficiorum
747 3193 1004 3258 reservationem
1052 3193 1276 3278 respicientes
1325 3211 1408 3276 quas
1456 3191 1496 3257 ad
1537 3191 1673 3256 Litteras

184 3296 346 3363 beneficia
381 3298 568 3382 specialiter
602 3299 856 3384 quodammodo
892 3302 1097 3366 reservantes
1133 3302 1218 3365 recte
1254 3298 1487 3365 diiudicandas
1523 3299 1673 3384 apprime

183 3420 431 3487 cognoscamus
456 3423 594 3471 necesse
619 3409 678 3472 est.

290 3509 445 3577 Ceterum
472 3531 552 3578 sane
576 3514 685 3579 mirari
710 3514 779 3579 iure
804 3532 904 3579 nemo
930 3516 1049 3598 potest,
1080 3533 1133 3579 me
1164 3514 1197 3579 in
1222 3514 1275 3578 his
1298 3513 1388 3579 foliis
1413 3512 1455 3578 ad
1479 3510 1673 3577 huiusmodi

183 3616 292 3682 studia
316 3619 519 3685 convertisse
545 3621 704 3687 animum.

288 3723 357 3790 Juri
383 3727 471 3791 enim
497 3729 659 3795 canonico
683 3727 735 3793 vel
760 3728 917 3795 historiae
942 3728 1183 3794 ecclesiasticae
1209 3745 1344 3812 operam
1370 3728 1530 3792 navantes
1555 3741 1675 3790 omnes

89 3912 92 3917 .
184 3832 287 3915 probe
313 3832 432 3911 sciunt,
459 3835 572 3917 quanti
598 3836 761 3900 momenti
791 3835 909 3920 partim
934 3836 1114 3919 opportuni
1147 3835 1264 3919 partim
1290 3833 1471 3918 importuni
1502 3831 1615 3897 multis
1641 3831 1674 3895 in

183 3938 282 4004 rebus
306 3941 372 4004 tam
390 3940 533 4024 publicis
551 3960 651 4026 quam
672 3942 807 4026 privatis
824 3942 1017 4027 praesertim
1035 3944 1186 4027 tempore
1203 3940 1309 4007 exsilii
1335 3940 1410 4005 dicti
1428 3937 1675 4005 Avenionensis

184 4046 365 4111 exstiterint
386 4047 640 4120 Reservatfones
657 4048 881 4133 apostoncae,
906 4067 967 4114 nec
984 4049 1093 4133 palam
1112 4048 1257 4133 profiteri
1275 4050 1437 4125 verentur,
1463 4046 1535 4112 illas
1553 4063 1675 4129 magna

183 4169 223 4216 ex
247 4156 338 4237 parte
362 4154 466 4220 fuisse
491 4173 608 4221 causas
626 4155 829 4222 seditionum
856 4156 996 4222 saeculis
1021 4155 1241 4240 sequentibus
1258 4154 1440 4220 Ecclesiam
1458 4151 1580 4218 Christi
1606 4151 1675 4216 dire

183 4256 443 4326 dilacerantium.

290 4364 442 4433 Attamen
482 4368 603 4435 eodem
645 4368 748 4434 modo
788 4389 857 4435 non
898 4370 1053 4454 ignorant
1092 4368 1365 4441 Reservationum
1405 4366 1675 4452 Apostolicarum

184 4473 383 4555 systematis,
420 4477 454 4539 ut
489 4476 532 4541 ita
569 4475 687 4554 dicam,
723 4477 979 4560 explicationem
1017 4479 1048 4541 et
1083 4475 1321 4542 enodationem
1354 4493 1461 4558 usque
1491 4472 1531 4538 ad
1562 4474 1675 4537 nostra

182 4581 334 4661 tempora
358 4583 499 4648 omnino
524 4601 593 4648 non
618 4601 693 4649 esse
711 4583 916 4649 exhaustam.
954 4582 1031 4663 Qua
1047 4583 1089 4648 de
1106 4602 1139 4648 re
1156 4581 1326 4668 Phillips1)
1344 4584 1375 4646 et
1392 4579 1616 4665 Hinschius2),
1642 4578 1675 4642 in

184 4685 263 4750 iuris
287 4688 439 4752 canonici
465 4690 602 4756 historia
626 4691 685 4755 viri
710 4691 937 4768 versatissimi,
975 4708 1179 4775 quamquam
1205 4688 1404 4773 peculiarem
1431 4690 1569 4771 uterque
1595 4685 1675 4751 satis

184 4792 344 4858 eruditam
370 4793 509 4860 instituit
525 4796 797 4883 disputationem,
822 4801 944 4876 tamen,
970 4797 1144 4863 deficiente
1160 4796 1269 4861 adhuc
1286 4797 1434 4861 accurata
1451 4792 1676 4879 publicatione

184 4899 413 4984 Regestorum,
438 4904 614 4987 complecti
640 4905 725 4976 hanc
748 4905 918 4970 materiam
943 4923 1012 4970 non
1030 4905 1219 4988 potuemnt.
1256 4903 1296 4967 Et
1312 4902 1393 4967 mihi
1419 4900 1555 4986 quidem
1580 4898 1675 4963 facile

184 5022 380 5090 persuasum
395 5006 455 5082 est,
469 5005 610 5088 pagellis
624 5008 675 5072 his
688 5026 742 5073 me
755 5007 972 5092 quaestiones
986 5006 1027 5073 de
1040 5005 1188 5090 generali
1202 5004 1441 5071 beneficiorum
1449 5005 1674 5070 reservatione

291 5222 312 5290 ¹)
332 5219 525 5279 Kirchenrecht
543 5218 576 5283 V,
595 5220 648 5274 470
667 5235 726 5290 sqq.

291 5310 313 5379 2)
333 5310 441 5381 System
461 5312 510 5364 des
529 5307 725 5366 Katholischen
744 5310 952 5369 Kirchenrechts
971 5309 1010 5374 ΙΙΙ,
1033 5308 1082 5362 ΙΙ3
1102 5324 1161 5378 sqq.
