1023 1631
514 149 534 165 91

152 205 186 217 nori
199 205 217 217 ac
229 200 281 217 eciam
294 200 315 217 ad
326 200 409 222 prioratus
421 201 449 218 aut
460 205 562 223 quecunque
570 201 602 218 alia
611 201 692 218 beneficia
699 201 726 218 vel
735 200 790 218 officia
797 200 898 222 regularium

152 231 291 249 quonimcunque
308 232 327 244 ac
345 227 365 244 ad
383 227 491 244 canonicatus
509 228 526 244 et
543 227 637 249 prebendas
650 227 733 249 predictos
746 227 851 249 aliquatenus
863 232 898 244 non

152 254 224 271 extendi.
253 254 337 271 Premissa
354 259 393 271 vero
417 254 475 276 quoad
491 254 600 272 canonicatus
618 255 634 271 et
651 254 746 276 prebendas
763 254 801 271 illos
813 254 899 271 dumtaxat

152 281 207 299 locum
235 281 297 298 habere
327 281 411 301 volumus,
441 286 484 303 quos
514 281 576 298 habent
604 281 631 298 vel
656 281 673 298 in
709 281 782 298 intutum
813 281 899 298 habebunt

152 308 221 329 predicti
238 308 255 324 ln
277 308 351 325 ecclesiis
365 308 426 328 solum,
446 308 463 324 in
483 308 546 329 quibus
565 308 659 325 consistunt
678 308 774 329 dignitates,
794 308 899 329 prepositure

152 335 233 355 mensate,
246 335 346 356 personatus
363 339 383 351 ac
400 334 455 351 officia
467 334 566 351 huiusmodi
581 335 663 351 reservata
675 339 705 356 per
716 339 753 354 nos,
766 335 784 351 ut
795 334 898 356 premittitur,

152 361 178 378 vel
190 361 243 378 eciam
252 361 356 381 reservanda,
368 362 384 378 et
396 366 430 378 non
443 362 499 383 quoad
511 362 620 378 canonicatus
632 362 648 378 et
660 361 759 383 prebendas,
772 366 815 382 quos
823 361 898 378 obtinere

152 388 169 404 in
189 388 226 405 aliis
249 393 299 409 quam
319 388 397 409 predictis
417 388 491 405 ecclesiis
511 388 626 405 dinoscuntur.
656 388 702 405 Nulli
717 393 757 409 ergo
767 389 799 405 etc.
823 388 840 404 Si
860 388 899 409 quis

153 415 208 431 autem
222 415 252 431 etc.

208 450 269 467 Daturn
282 450 365 467 Avinione
377 451 453 467 kalendis
466 450 545 467 Octobris
557 451 664 472 pontificatus
676 450 729 467 nostri
741 455 755 467 a.
767 450 823 467 tercio.

510 566 542 586 38.

154 606 188 620 1344
197 606 228 619 Oct.
239 606 259 619 19,

153 628 187 642 Cod.
197 628 211 642 E.
222 628 244 641 rui.
256 628 329 642 ils—«117.

308 677 394 698 Secunda
409 678 510 698 declaracio
527 678 646 698 relaxacionis
660 678 747 703 predicte.

251 718 340 738 Clemens
350 720 451 744 episcopus
461 719 494 738 etc.
517 717 548 738 Ad
559 719 640 738 futuram
650 719 675 737 rei
685 719 800 738 memoriam.

207 767 291 784 Provida
304 768 357 784 sedis
372 768 484 789 apostolice
497 767 593 788 benignitas
608 768 681 788 quietem
694 768 710 784 et
724 772 782 788 pacem
795 767 899 784 subditorum

154 794 257 815 perquirens,
269 798 294 814 ea,
307 799 339 815 que
352 795 391 810 sunt
403 794 454 810 dubia
467 795 483 810 et
494 794 571 813 obscura,
586 799 607 810 ne
619 794 657 810 lites
665 795 681 810 et
690 794 743 815 iurgia
756 794 840 815 pariantl),
853 798 899 815 sepe,

154 821 196 838 sicut
207 822 309 843 oportunum
318 822 358 841 iore,
371 822 457 843 conspicit,
467 821 548 843 dilucidat
556 822 572 838 et
584 821 660 838 declarat.
678 821 746 838 Dudum
758 822 841 843 siquidem
850 822 900 838 nobis

154 848 236 869 exposito,
252 848 303 869 quod,
316 849 383 869 propter
395 848 519 865 reservaciones
528 848 548 865 de
557 848 604 865 certis
613 848 739 865 canonicatibus
751 849 767 865 et
779 848 869 870 prebendis
881 853 900 865 ac

154 875 240 891 beneficiis
252 875 368 891 ecclesiasticis
380 875 489 896 disposicioni
502 876 559 891 nostre
568 876 584 891 et
591 875 636 891 sedis
649 875 736 896 predicte2)
748 875 804 894 tactas,
817 875 872 896 plures
884 875 900 891 et

154 901 219 918 diverse
237 906 308 923 persone
328 902 447 921 ecclesiastice.
467 902 529 923 quibus
549 902 570 918 de
588 901 713 918 canonicatibus
731 906 768 918 curn
786 901 900 918 reservacione

154 928 275 949 prebendarum
294 928 311 944 in
329 928 399 945 diversis
417 929 451 944 tam
469 928 592 945 cathedralibus
610 933 660 949 quarn
675 928 768 949 collegiatis
783 928 858 945 ecclesiis
870 933 900 944 seu

154 955 206 971 eciam
225 955 245 971 de
264 955 350 971 beneficiis
367 955 484 971 ecclesiasticis
496 960 534 971 cum
549 960 587 971 cura
599 955 625 971 vel
637 955 673 971 sine
686 959 729 974 cura,
742 955 756 971 si
768 956 807 971 tunc
819 955 900 971 vacabant

154 982 180 998 vel
192 986 229 998 curn
239 982 321 1001 vacarent,
334 982 350 998 in
363 982 433 998 diversis
447 982 504 998 mundi
518 982 592 1002 partibus
604 986 634 1003 per
642 982 707 998 nostras
719 982 758 998 certi
767 981 829 998 tenoris
838 981 900 998 litteras

154 1009 187 1024 tarn
206 1008 237 1030 infl)
250 1008 318 1029 speciali
337 1013 387 1029 quarn
406 1008 422 1024 in
440 1008 526 1024 communi
544 1009 596 1025 iorma
614 1008 678 1030 gracias
695 1008 792 1025 auctoritate
807 1008 900 1029 apostolica

154 1035 253 1055 feceramus,
273 1036 379 1056 expectantes
397 1035 491 1056 prebendas
509 1036 526 1051 et
543 1035 624 1051 beneficia
642 1035 739 1051 huiusmodi
759 1035 780 1051 ab
792 1035 900 1051 assecucione

155 1061 234 1078 dictarum
252 1061 350 1082 graciarum,
363 1062 387 1078 eis
400 1066 429 1083 per
441 1066 478 1081 nos,
493 1062 511 1078 ut
520 1062 623 1083 premittitur,
632 1066 754 1081 concessarum,
763 1061 827 1078 fuerant
836 1061 900 1078 diucius

155 1088 240 1107 retardate,
259 1088 327 1109 propter
344 1088 390 1109 quod
409 1088 467 1104 eedem
487 1093 565 1109 persone,
583 1089 601 1104 ut
613 1088 726 1109 supradictum
744 1088 773 1107 est,
794 1089 900 1109 expectantes

155 1115 218 1131 nullum
238 1115 331 1136 reportasse
349 1114 447 1131 dicebantur
464 1115 484 1131 de
503 1115 582 1136 predictis
599 1115 659 1136 graciis
671 1114 779 1131 commodum
792 1114 822 1131 sed
834 1115 900 1131 labores

155 1141 214 1162 pocius
223 1142 239 1157 et
250 1146 338 1162 expensas.
357 1141 393 1158 Nos
405 1141 468 1158 eisdem
478 1142 610 1162 expectantibus,
623 1142 665 1162 pio⁴)
678 1146 728 1163 super
736 1141 768 1158 hiis
776 1141 900 1163 compacientes

155 1168 220 1187 affectu,
240 1168 324 1184 voluimus
343 1169 359 1184 et
379 1168 437 1184 eadem
454 1168 551 1185 auctoritate
571 1168 680 1187 decrevimus,
700 1168 751 1189 quod,
771 1168 900 1189 quibuscunque

156 1195 298 1211 reservacionibus
317 1195 418 1216 specialibus
431 1195 451 1211 de
463 1195 512 1211 certis
525 1195 651 1211 canonicatibus
667 1195 683 1211 et
695 1195 784 1216 prebendis
797 1195 900 1216 singularum

156 1222 171 1237 et
180 1222 260 1238 certarum
269 1226 377 1242 personarum
389 1222 405 1238 in
414 1222 537 1238 cathedralibus
546 1222 571 1238 vei
580 1221 673 1243 collegiatis
683 1221 762 1241 ecclesiis,
772 1222 900 1243 quibuscunque

156 1252 185 1264 seu
198 1248 218 1264 de
230 1248 279 1264 certis
290 1248 376 1265 beneficiis
389 1248 504 1265 ecclesiasticis
517 1249 597 1265 certarum
607 1253 715 1270 personarum
726 1253 763 1265 curn
776 1253 814 1265 cura
826 1248 852 1265 vel
864 1248 901 1265 sine

156 1279 194 1291 cura
208 1279 237 1295 per
253 1279 284 1291 nos
296 1275 335 1291 tunc
347 1275 394 1291 iactis
406 1276 434 1291 aut
446 1275 463 1291 in
476 1276 561 1296 posterum
574 1275 655 1292 iaciendis
669 1280 776 1296 nequaquam
789 1275 900 1295 obstantibus,

156 1301 224 1322 predicti
233 1302 339 1323 expectantes
352 1302 438 1323 presentes
451 1302 511 1323 pariter
524 1303 540 1318 et
552 1302 601 1318 iuturi
614 1306 644 1323 per
652 1302 738 1319 biennium
751 1302 836 1318 dumtaxat
848 1302 900 1318 conti-

156 1332 213 1347 nuum,
226 1333 235 1344 a
247 1328 322 1344 kalendis
331 1328 404 1345 octobris
417 1328 510 1350 proximofi)
524 1328 605 1349 preteritis
618 1328 719 1348 inchoatum,
732 1329 826 1350 prebendas
838 1329 871 1345 tam
884 1329 900 1345 in

156 1354 278 1371 cathedralibus
304 1359 354 1376 quam
380 1355 473 1376 collegiatis
499 1355 574 1371 ecclesiis
602 1355 706 1376 supradictis,
730 1360 796 1372 necnon
820 1355 901 1372 beneficia

156 1382 268 1398 ecclesiastica
280 1386 317 1398 cum
330 1386 368 1397 cura
376 1381 402 1398 vel
411 1382 447 1398 sine
455 1386 499 1401 cura.
512 1386 546 1403 que
554 1382 612 1403 vigore
620 1382 700 1398 dictarum
710 1382 799 1398 litterarum
807 1383 901 1398 nostrarum

156 1408 266 1429 expectabant
284 1412 314 1424 seu
332 1408 384 1424 eciam
397 1409 507 1429 expectarent,
526 1413 598 1429 quorum
616 1409 684 1430 quidem
702 1409 821 1425 beneficiorum
834 1409 901 1428 tructus,

831 1439 848 1453 7*
