3720 5932
819 239 1029 332 Q-

180 445 373 530 gravamina
408 445 636 530 perdurarent;
673 444 714 510 de
748 446 1029 511 reservationibus
1068 463 1146 511 vero
1181 445 1393 511 ecclesiarum
1433 443 1672 510 cathedralium

182 554 213 618 et
262 551 463 637 regularium
510 552 544 616 in
590 569 696 636 regno
736 551 892 618 Franciae
939 552 1192 618 consistentium
1239 570 1257 616 a
1304 551 1560 635 praedecessore
1607 569 1672 618 suo

180 658 284 738 factis,
336 658 390 724 die
441 659 489 724 18.
528 657 651 743 Aprilis
694 658 806 744 13041)
846 658 1037 725 declaravit:
1088 659 1193 735 „Nos
1241 661 1368 724 autem
1415 657 1672 724 celsitudinis

181 766 333 850 regalis
358 765 508 844 obtentu,
533 783 593 850 pro
618 765 712 831 cuius
742 768 833 850 parte
858 784 959 851 super
982 766 1046 832 hoc
1069 766 1177 832 Nobis
1202 765 1325 831 exstitit
1356 764 1671 852 supplicatum‚2)

182 872 450 950 reservationem,
487 872 720 937 inhibitionem
757 875 788 938 et
824 872 991 939 decretum
1021 872 1225 952 huiusmodi,
1260 871 1455 957 Apostolica
1480 873 1672 938 auctoritate

182 987 415 1059 revocamus“;
451 997 517 1063 qua
553 980 587 1044 in
622 980 860 1046 constitutione
896 999 965 1047 non
1001 980 1105 1047 modo
1134 981 1271 1047 liberam
1296 979 1493 1045 electionem
1518 979 1672 1064 capitulis

184 1086 351 1152 concessit
386 1085 445 1151 sed
481 1087 580 1152 etiam
606 1086 781 1166 ordinavit,
818 1090 853 1152 ut
877 1088 1089 1172 provisiones
1119 1091 1151 1153 et
1173 1087 1446 1154 confirmationes
1471 1085 1672 1152 electionum

184 1194 260 1276 post
296 1193 553 1286 reservationem
578 1192 807 1278 Apostolicam
843 1195 877 1259 in
902 1194 998 1260 dictis
1023 1195 1172 1261 ecclesiis
1196 1194 1300 1260 factae
1325 1193 1459 1278 plenam
1484 1193 1674 1259 obtinerent

182 1299 381 1378 firmitatem,
417 1298 604 1365 dummodo
629 1300 710 1366 alias
735 1301 911 1367 collatores
942 1302 1187 1385 processissent
1210 1301 1380 1368 canonice.
1428 1299 1557 1365 Eodem
1583 1300 1673 1366 enim

183 1409 333 1491 tempore
358 1406 593 1472 benevolentia
617 1407 832 1492 studiumque
850 1408 1020 1474 Benedicti
1034 1408 1084 1472 ΧΙ.
1103 1427 1139 1474 se
1156 1406 1392 1474 reconciliandi
1411 1407 1673 1492 quamprimum

184 1530 259 1578 cum
284 1512 442 1598 Philippo
460 1513 551 1599 Rege
568 1513 756 1586 Romanum
780 1514 976 1581 Pontificem
1002 1514 1044 1581 ad
1068 1516 1156 1581 hunc
1180 1515 1325 1581 lenitatis
1349 1515 1509 1600 pacisque
1532 1513 1673 1599 gradum

184 1618 331 1686 adduxit.

292 1779 514 1846 Clementis
560 1781 597 1846 V.
645 1782 793 1865 registris
851 1782 1029 1866 diligenter
1085 1782 1234 1848 excussis
1292 1782 1374 1847 circa
1435 1780 1674 1847 beneficiorum

185 1886 474 1973 reservationem)
510 1887 685 1972 sequentia
721 1887 849 1954 decreta
886 1889 918 1953 in
955 1888 1101 1954 medium
1137 1888 1281 1973 prolerre
1313 1906 1463 1973 possum.
1511 1888 1674 1973 Imprimis

186 2012 226 2058 ex
264 1992 422 2080 Litterist)
463 1993 540 2060 dicti
580 1992 753 2059 Pontificis
792 1994 833 2061 ad
874 1994 1079 2080 Episcopum
1121 1994 1229 2060 Elien.
1270 1995 1323 2061 die
1361 1995 1413 2060 26.
1457 1994 1548 2080 Sept.
1591 1994 1672 2060 1313

186 2099 317 2166 directis
341 2100 524 2166 luculenter
548 2102 638 2185 patet
662 2100 806 2166 eundem
832 2100 1029 2168 Pontificem
1054 2139 1097 2148 —
1121 2102 1235 2168 nescio
1260 2120 1328 2186 quo
1357 2120 1446 2168 anno
1470 2141 1515 2148 —
1539 2100 1670 2187 speciali

186 2205 319 2272 decreto
355 2206 472 2272 nullibi
508 2206 617 2273 adhuc
652 2210 782 2292 reperto
816 2247 861 2254 —
898 2208 1044 2274 edidisse
1080 2209 1349 2274 constitutionem
1385 2208 1427 2274 de
1451 2208 1671 2275 reservatione

187 2331 465 2397 quorumcunque
504 2314 742 2379 beneficiorum
783 2334 841 2399 per
875 2317 1026 2382 obitum
1063 2315 1339 2394 cardinalium,
1378 2315 1674 2400 capellanorum

187 2422 223 2485 et
284 2420 449 2486 aliorum
512 2438 671 2486 suorum
733 2422 973 2488 officialium
1036 2423 1266 2507 ubicunque
1328 2422 1552 2488 cedentium
1614 2420 1676 2487 vel

187 2525 476 2593 decedentium.

294 2686 431 2771 Insuper
466 2688 579 2753 omnia
614 2689 777 2755 beneficia
812 2690 1053 2774 cuiuscumque
1078 2690 1266 2756 beneficiati
1291 2709 1358 2774 per
1382 2690 1676 2775 promotionem

188 2792 233 2858 ad
270 2793 555 2878 Episcopatum
592 2798 684 2879 post
725 2797 1082 2883 consecrationis5)
1119 2816 1241 2862 munus
1278 2797 1307 2862 ei
1343 2797 1533 2880 impensum
1574 2794 1677 2881 apud

189 2898 337 2965 Sedem
362 2899 658 2985 Apostolicam
684 2902 718 2966 in
743 2904 865 2986 quovis
889 2922 967 2969 casu
992 2905 1132 2969 omnino
1155 2904 1371 2988 dispositioni
1388 2902 1561 2969 Pontificis
1586 2905 1679 2969 erant

188 3009 361 3085 reservata,
397 3007 462 3073 nisi
498 3008 593 3073 iustis
628 3008 670 3074 de
704 3010 814 3075 causis
849 3010 1042 3076 huiusmodi
1079 3011 1223 3095 promoti
1248 3011 1464 3096 impetrarunt
1488 3028 1588 3095 super
1611 3010 1676 3076 hoc

189 3112 367 3197 specialem
393 3113 561 3198 quandam
587 3113 918 3202 dispensationemt)

252 3432 275 3498 1)
295 3433 396 3487 Ibidem
416 3433 432 3487 l.
453 3449 474 3487 c.
494 3432 529 3487 n⁰
550 3433 625 3489 1256.

253 3567 275 3638 2)
296 3568 398 3622 ibidem
435 3569 451 3622 l.
490 3584 512 3622 c.
549 3566 588 3621 n⁰
627 3567 694 3623 1259
736 3567 817 3638 (1304
853 3570 918 3623 Maii
958 3570 1000 3638 13)
1043 3571 1088 3624 ubi
1132 3570 1234 3624 Bened.
1272 3571 1313 3625 ΧΙ.
1351 3571 1469 3626 absolvit
1505 3571 1678 3625 contumaces

191 3673 225 3712 ex
252 3673 337 3728 regno
356 3657 481 3711 Franciae
500 3673 513 3710 a
534 3656 620 3710 Bonil.
640 3657 703 3711 Vlll.
723 3657 819 3712 frustra
838 3659 872 3712 ad
901 3657 1000 3712 Sedem
1027 3659 1216 3727 Apostolicam
1244 3661 1339 3714 citatos
1368 3676 1404 3714 sc.
1437 3661 1678 3728 ,archiepiscopos

192 3750 344 3816 episcopos,
374 3747 488 3815 capitula
508 3746 572 3800 eccl.
593 3747 661 3800 cath.
681 3750 757 3818 regni
776 3747 910 3811 Franciae,
940 3747 1064 3802 doctores
1084 3750 1110 3801 in
1130 3749 1270 3818 theologia
1289 3750 1316 3803 et
1335 3750 1478 3819 magistros
1498 3752 1525 3803 in
1545 3751 1601 3802 iure
1620 3763 1678 3802 can.

191 3837 218 3890 et
237 3836 308 3890 civili
329 3835 363 3888 de
381 3850 466 3905 regno
485 3835 606 3890 eodem.“

253 3968 276 4037 8)
297 3968 351 4034 Qui
370 3968 502 4033 Pontifex,
523 3985 583 4024 cum
603 3972 655 4023 iam
675 3971 737 4024 ante
750 3985 815 4024 suae
827 3970 1025 4024 benedictionis
1039 3972 1066 4024 et
1079 3973 1260 4025 coronationis
1273 3972 1405 4025 solemnia
1419 3971 1550 4038 quasdam
1565 3972 1677 4025 Litteras

192 4059 227 4112 de
245 4059 447 4127 provisionibus
467 4060 494 4112 et
513 4059 740 4113 reservationibus
760 4058 943 4113 conficiendas
962 4059 1126 4124 mandasset,
1156 4059 1200 4113 die
1219 4060 1261 4114 26.
1280 4060 1415 4114 Februarii
1437 4059 1504 4113 1307
1524 4060 1681 4114 auctoritate

191 4147 348 4216 Apostolica
377 4148 467 4216 aperte
496 4148 641 4202 declaravit
669 4149 761 4203 contra
790 4163 846 4212 eos,
875 4151 920 4218 qui
940 4149 1097 4203 huiusmodi
1117 4149 1229 4203 litteras
1248 4152 1407 4218 impugnare
1436 4163 1491 4201 non
1510 4149 1680 4212 verebantur,

195 4239 283 4304 ,ipsas
315 4237 444 4290 exsistere
474 4236 579 4291 validas
609 4237 773 4307 plenamque
804 4237 904 4290 habere
934 4237 1038 4291 roboris
1068 4236 1243 4292 firmitatem.“
1285 4237 1360 4307 (Reg.
1392 4234 1541 4291 Clementis
1569 4237 1618 4292 PP.
1648 4236 1681 4290 V.

193 4324 229 4377 n0
247 4325 337 4393 2264.)

254 4458 277 4527 4)
298 4458 400 4512 Ibidem
420 4457 454 4512 n⁰
472 4459 555 4523 9781;
578 4460 676 4515 10268.

298 4556 342 4610 hd
370 4558 578 4611 reservationem
606 4556 799 4612 beneficiorum
827 4556 1027 4625 capellanorum
1045 4556 1266 4625 Apostolicorum
1294 4556 1417 4625 spectant
1435 4555 1472 4609 n⁰
1489 4555 1574 4621 7658;
1602 4554 1681 4610 3733.

707 4668 718 4690 =
831 4646 994 4699 notariorum
1013 4643 1049 4697 n⁰
1067 4646 1145 4701 7868.

256 4779 278 4848 ⁶)
299 4780 400 4835 Ibidem
420 4780 455 4834 n⁰
473 4779 544 4835 8254
579 4779 650 4835 9759
689 4778 783 4834 10053

472 4869 543 4924 8932
579 4867 651 4922 9760
689 4867 783 4922 10126

472 4957 543 5012 8960
579 4956 649 5011 9799

472 5045 542 5099 9149
578 5043 649 5099 9574

303 5141 424 5196 Consule
442 5143 522 5196 etiam
542 5135 639 5197 Wemz
658 5143 675 5196 l.
695 5158 717 5196 c.
736 5143 764 5196 ll.
784 5142 819 5196 n⁰
837 5143 897 5198 387.

258 5275 282 5340 6)
302 5274 404 5328 ibidem
424 5273 459 5327 n⁰
476 5275 555 5329 8138.
583 5274 662 5329 9155.
694 5276 795 5330 10101.
