3720 5932
903 309 944 370 ro

284 512 439 581 Attamen
464 514 584 581 Curiae
608 514 779 587 Romanae
804 514 964 581 officiales
988 530 1232 598 nonnunquam
1258 512 1356 577 etiam
1382 529 1440 596 per
1463 509 1573 575 medIa
1597 528 1667 575 non

181 639 314 706 semper
337 621 478 687 honesta
502 622 535 704 in
564 620 783 687 conficiendis
808 621 935 686 Litteris
960 621 1183 686 reservatoriis
1208 618 1346 684 modurn
1371 617 1542 682 transiisse
1566 634 1667 681 nemo

180 727 327 812 negabit,
352 728 409 811 qui
431 728 603 793 historiam
629 727 885 793 ecclesiasticam
910 726 1072 793 dictorum
1096 729 1285 811 temporum
1311 724 1390 789 satis
1415 723 1511 788 callet
1529 761 1571 769 —
1590 742 1666 787 nam

180 834 318 917 quaevis
342 853 393 899 res
409 872 453 880 —
470 852 529 918 per
552 852 588 899 se
612 834 739 918 optIma
754 872 798 880 —
815 835 848 898 in
874 833 1109 907 detrimentum
1134 832 1247 916 vergit,
1273 831 1300 896 si
1317 831 1463 896 bumana
1488 829 1668 913 instigante

179 939 354 1024 fragilitate
379 958 438 1024 per
461 958 635 1006 excessum
660 943 823 1025 peccatur.
832 938 857 1026 1)

243 1151 264 1219 1)
284 1151 448 1205 Huiusmodi
468 1152 554 1205 iustae
573 1153 758 1220 querimoniae
777 1152 810 1204 ab
830 1154 896 1220 ipsis
915 1150 1092 1205 Pontificibus
1111 1151 1230 1220 prolatae
1250 1149 1422 1204 inveniuntur
1442 1164 1482 1201 ex.
1503 1163 1555 1218 gr:

286 1255 308 1292 c.
328 1255 372 1292 un.
393 1239 427 1293 de
446 1238 536 1308 praeb.
557 1239 581 1293 3.
602 1242 629 1292 in
649 1239 754 1294 Extrav.
775 1239 836 1293 Joh.
855 1239 931 1293 XXII.
1107 1308 1110 1314 .

286 1328 351 1399 Reg.
379 1329 467 1382 Aven.
495 1328 597 1382 Bened.
625 1328 675 1383 XII.
695 1329 713 1382 t.
736 1329 759 1382 l.
782 1327 827 1382 fol.
847 1327 916 1383 3761
933 1326 985 1381 ⁰n⁰
1003 1327 1037 1383 35
1067 1351 1099 1373 =
1128 1327 1197 1382 Cod.
1225 1327 1254 1382 Β.
1274 1343 1300 1397 p.
1320 1327 1426 1381 94-97
1446 1327 1667 1396 („Experimento

180 1417 369 1485 dedicimusf)

286 1505 315 1560 P.
335 1505 387 1560 VII.
408 1504 444 1558 n⁰
465 1505 497 1560 19
515 1504 548 1559 ci.
569 1505 681 1559 deinde:

287 1594 516 1649 Constitutionem
539 1594 667 1662 „Superni
687 1594 881 1662 dispositione“
904 1593 1070 1662 (Grandjean
1090 1594 1105 1648 l.
1126 1610 1147 1648 c.
1167 1591 1202 1647 n⁰
1223 1593 1298 1648 1103.
1318 1623 1351 1630 —
1374 1592 1441 1647 1303
1460 1592 1530 1646 Νον.
1550 1592 1577 1659 6)
1600 1607 1670 1660 quae

183 1682 259 1736 affert
286 1683 369 1737 verba
396 1686 507 1737 omnino
527 1684 596 1736 iusta
615 1698 652 1736 sc.
680 1684 769 1753 „quod
788 1698 822 1736 ex
845 1682 1035 1736 collationibus
1054 1685 1081 1735 et
1104 1681 1330 1736 reservationibus
1358 1696 1406 1750 per
1424 1680 1587 1734 Bonifatium
1607 1680 1670 1735 VIII.

181 1770 257 1825 factis
272 1772 316 1825 vel
336 1787 391 1841 per
404 1772 491 1826 alios
509 1772 715 1827 auctoritate
728 1788 786 1826 sua
799 1774 871 1825 varia
887 1772 913 1824 et
928 1770 1034 1824 diversa
1049 1771 1175 1825 scandala
1189 1772 1313 1839 poterant
1327 1772 1435 1823 evenire
1451 1772 1546 1824 ettam
1561 1770 1671 1838 praelati

181 1874 263 1929 quam
283 1861 413 1914 ecclesiae
431 1876 479 1929 per
497 1861 590 1914 orbem
611 1860 703 1914 diffusi
723 1876 753 1914 se
780 1860 940 1929 reputabant
968 1862 994 1913 in
1021 1860 1073 1914 boc
1100 1860 1281 1928 multipliciter
1300 1859 1461 1929 aggravatos
1480 1874 1510 1912 ac
1529 1859 1671 1927 propterea

182 1949 313 2004 dictorum
342 1951 520 2019 praelatorum
549 1952 575 2004 et
603 1952 776 2004 ecclesiarum
804 1951 922 2003 relevare
950 1964 1031 2003 onera
1051 1951 1077 2003 ct
1095 1964 1176 2017 super
1195 1947 1352 2001 huiusmodi
1381 1948 1515 2001 scandalis
1539 1948 1618 2016 prout
1636 1947 1671 2001 ad

181 2039 302 2092 nostrum
328 2040 431 2107 spectat
449 2039 569 2092 officium
583 2039 724 2093 salubriter
737 2039 879 2108 providere
892 2039 1024 2103 volentes,
1044 2053 1139 2091 omnes
1154 2038 1312 2091 collationes
1326 2079 1438 2091 .....
1452 2051 1590 2090 cassamus
1604 2039 1668 2090 etc.“

287 2127 357 2181 Vide
376 2129 457 2182 etiam
476 2128 570 2182 Pastor
590 2128 690 2183 Gescb.
711 2129 735 2182 d.
756 2128 853 2196 Palpste
872 2127 899 2180 1³
918 2143 944 2196 p.
964 2127 998 2182 69
1017 2142 1077 2196 sqq.

287 2217 400 2286 Phillips
419 2217 435 2270 l.
456 2233 477 2270 c.
498 2216 530 2281 V,
550 2217 611 2271 473.

289 2306 413 2376 fingam,
434 2306 533 2361 Gesch.
553 2321 579 2359 v.
599 2305 724 2375 England
745 2304 781 2369 III,
804 2306 852 2359 117
872 2319 932 2373 sqq.

288 2395 382 2460 Pohle‚
402 2398 429 2448 in
448 2395 555 2449 Wetzer
573 2394 629 2448 und
648 2393 759 2448 Welte's
778 2393 1004 2452 Xirchenlexikon
1023 2393 1055 2447 V.
1075 2409 1101 2462 p.
1123 2393 1190 2447 1292
1209 2408 1269 2462 sqq.
1308 2392 1373 2461 (Art.
1394 2392 1588 2462 Grosseteste.)
