1023 1631
509 134 531 151 96

148 184 165 204 et
172 187 193 204 ad
201 187 300 209 prebendas,
312 191 345 208 que
356 187 451 204 obtinentes
459 187 485 204 vel
494 187 578 204 obtenturi
591 187 686 208 dignitates,
698 187 798 208 personatus
808 187 826 203 et
833 186 898 206 officio,

148 214 183 231 sive
200 213 356 231 administrationes
374 213 391 230 in
408 213 472 230 eisdem
490 213 566 230 ecclesiis
578 214 654 235 ternpore
665 213 760 230 vacactonis
771 212 898 235 prebendarum

149 240 246 257 huiusmodi
258 240 362 260 obtinebant,
379 245 482 262 quamquam
500 240 586 262 prebende
601 240 637 261 ipse
649 240 764 261 dignitatibus,
777 239 898 261 personatibus

148 267 165 283 et
182 266 243 283 officiis
260 267 302 288 ipsis
320 267 389 283 minime
407 267 440 283 sint
452 267 503 287 unite,
522 267 538 283 et
555 266 576 283 ad
595 270 701 288 quecumque
717 266 798 288 regularia
811 266 897 283 beneficia

148 293 243 310 nullatenus
255 293 369 310 extendantur.
392 293 437 310 Nulli
449 294 480 310 etc.

201 323 263 341 Datum
275 323 358 341 Avinione
370 324 394 341 111.
406 329 446 341 non.
458 324 538 341 Octobris
550 329 564 341 a.
577 325 629 341 sexto.

504 409 536 428 43.

150 440 184 454 1³48
192 440 231 454 Febrr
241 440 253 453 3Δ

149 462 183 476 ῦοά.
193 462 208 476 Β.
218 462 240 476 tol.
252 462 325 476 111—114.

149 507 250 527 processus
263 508 327 527 contra
339 507 386 530 illos,
399 508 431 532 qui
443 507 549 532 impediunt
561 507 656 526 venientes
668 506 691 526 ad
701 506 805 528 Romanam
818 508 894 526 curiam.

391 542 480 562 Clemens
495 544 596 568 episcopus
611 543 645 562 etc.

202 587 296 604 Venerabili
305 587 348 603 tratri
356 587 460 608 [Walmmo]
468 587 595 608 archiepiscopo
604 586 701 603 Coloniensi
711 587 726 603 et
738 587 799 603 dilecto
811 587 847 603 illio
859 587 896 603 eius

150 614 210 630 vicario
228 614 245 630 in
263 614 378 635 spiritualibus
396 614 411 630 et
429 614 496 630 officiali
515 614 586 630 salutern
599 614 615 630 et
627 613 736 635 apostolicam
755 613 896 630 benedictionem.

150 640 213 657 Graves
225 640 262 657 Deo
274 641 290 657 et
306 640 355 657 nobis
368 645 387 657 ac
399 640 434 657 sedi
447 640 540 661 apostolice
559 640 652 661 irrogantur
670 640 734 659 iniurie,
752 644 789 656 curn
808 639 896 656 venientes

149 667 170 684 ad
188 672 225 684 eam
243 668 271 683 aut
283 667 379 683 recedentes
397 667 418 683 ab
436 667 473 688 ipsa
490 667 639 683 molestacionibus
657 667 774 688 opprimuntur
786 666 864 683 indebitis
877 671 897 683 ac

150 698 258 715 personarum
271 695 287 710 et
295 698 348 710 rerum
361 693 455 715 dispendiis
467 694 591 715 pregravantur,
604 693 624 710 ad
637 698 679 714 quas
692 693 814 714 propulsandas
827 693 896 709 iniurias

149 721 203 737 cuncti
222 720 281 737 iideles
301 725 321 737 eo
341 725 359 736 se
378 720 440 737 debent
459 720 572 741 promptiores
592 720 693 741 impendere,
719 724 753 741 quo
772 720 797 736 eis
817 719 896 741 expedire

149 747 228 767 noscitur,
240 748 258 763 ut
270 747 290 763 ad
303 747 361 763 sedem
374 747 427 768 ipsam
439 752 506 763 securus
516 747 596 763 habeatur
604 751 685 763 accessus.
710 746 753 763 Sane
762 746 782 763 ad
791 746 896 767 apostolatus

150 774 207 794 nostri,
219 773 280 790 dilecto
288 774 324 790 filio
333 773 407 795 Syrnone
416 774 507 790 Debriseke
517 774 581 790 decano
593 773 662 790 ecclesie
670 773 798 789 Litheieldensis
811 773 896 793 reierente,

150 800 225 822 pervenit
242 800 322 821 auditum,
341 800 386 822 quod
405 805 443 818 cum
461 805 516 822 nuper
533 800 576 817 iclem
595 800 664 822 Symon,
682 800 708 817 cui
726 800 742 817 in
759 799 834 818 Romana
851 800 897 817 curia

150 828 189 844 tunc
211 828 283 849 primum
307 828 327 844 de
345 828 425 844 decanatu
447 828 521 849 predicte
544 828 613 844 ecclesie
631 828 670 843 tunc
694 828 762 843 vacante
784 832 813 848 per
831 828 897 844 nostras

150 855 211 871 litteras
230 854 330 871 duxeramus
346 855 473 876 providendum,
493 859 532 871 cum
552 854 609 870 litteris
633 854 735 875 provisionis
758 854 855 870 huiusmodi
875 854 897 870 de

150 881 223 902 predicta
235 881 280 898 curia
292 886 350 898 versus
362 883 417 902 partes
429 881 489 902 Anglie
502 882 518 897 et
530 881 628 897 decanatum
642 885 690 897 suum
704 880 800 897 huiusmodi
817 880 897 897 recedens

150 909 166 924 et
180 908 210 924 iter
226 913 275 924 suum
290 908 390 924 continuans
409 913 437 929 per
455 908 541 929 quoddam
559 908 630 924 castrum
649 908 763 928 nuncupatum
776 907 834 924 Trecht
846 912 897 928 super

150 934 222 954 Mosam,
230 935 328 951 Leodiensis
337 935 414 954 diocesis,
422 935 503 954 transiret,
511 934 608 951 Everwinus
617 934 637 950 de
646 934 765 951 Goderswiche
773 935 789 950 et
798 934 897 950 Crodsvinus

150 961 171 977 de
183 966 244 982 genere
262 962 323 978 milites
336 961 444 978 Coloniensis
461 961 535 977 diocesis
553 966 590 977 cum
612 961 712 982 quibusdam
731 961 766 977 suis
779 961 795 977 in
809 961 839 977 hac
851 961 897 982 parte

150 988 260 1009 complicibus
278 988 299 1004 de
317 988 399 1009 capiendo
412 988 428 1004 et
440 988 532 1004 detinendo
551 988 621 1004 eundern
641 987 722 1004 decanum
736 992 765 1009 pro
781 987 896 1009 redemptione

150 1015 245 1036 pecuniaria
257 1014 278 1031 de
290 1015 328 1036 ipso
337 1014 429 1031 obtinenda
441 1015 457 1031 in
470 1015 515 1031 dicto
528 1015 581 1030 castro
594 1015 683 1030 tractarunt
692 1015 707 1031 et
715 1015 837 1031 consenserunt
850 1014 897 1036 (sic);

151 1041 239 1062 dictusque
251 1041 347 1058 Everwinus
365 1046 402 1058 cum
423 1041 525 1062 quibusdam
546 1041 581 1057 suis
601 1042 617 1057 et
636 1041 675 1057 dicti
695 1041 767 1058 Gosvini
787 1041 897 1062 complicibus

151 1068 223 1084 eundem
236 1068 317 1084 decanum
330 1068 415 1084 insecutus
431 1068 461 1084 tuit
474 1068 489 1084 et
502 1068 519 1084 in
532 1068 587 1089 ipsum
600 1068 682 1084 violenter
694 1068 709 1084 et
722 1068 812 1089 predonice
828 1068 896 1086 irruens,

151 1095 206 1116 ipsum
224 1095 285 1111 temere
303 1095 319 1111 et
336 1095 415 1111 iniuriose
432 1095 481 1116 cepit,
499 1095 516 1111 ct
528 1095 595 1115 captum
613 1099 647 1110 non
660 1094 696 1110 sine
711 1099 791 1110 manuum
808 1094 896 1110 iniectione

151 1121 224 1137 violenta
244 1121 261 1137 in
281 1126 319 1138 eurn
335 1126 364 1143 per
384 1122 434 1138 multa
455 1121 491 1138 loca
511 1121 621 1142 predictarum
641 1120 739 1137 Leodiensis
757 1122 773 1137 et
789 1120 897 1137 coloniensis

151 1148 243 1164 diocesium
253 1148 304 1168 duxit,
316 1148 332 1164 et
343 1148 410 1164 tandem
419 1148 436 1164 in
444 1148 498 1164 castro
507 1148 528 1164 de
538 1148 663 1169 Haghembech,
672 1147 810 1164 Monasteriensis
819 1147 896 1167 diocesis,

152 1175 205 1196 primo
218 1174 234 1191 in
250 1174 304 1196 cippis
322 1175 417 1191 fortissimis
429 1175 446 1191 et
458 1175 582 1196 subsequenter
594 1175 610 1190 in
622 1174 733 1195 compedibus
746 1174 802 1190 terreis
814 1179 851 1190 cum
864 1179 897 1190 una

151 1201 221 1218 cathena
238 1201 290 1218 terrea
302 1206 321 1218 ac
333 1202 347 1218 si
359 1202 418 1218 fuisset
430 1202 471 1218 latro
484 1206 514 1218 seu
528 1201 610 1218 homicida
629 1201 724 1217 incarcerari
738 1201 782 1220 iecit,
800 1205 818 1217 ac
830 1201 896 1222 captum

151 1228 167 1244 et
186 1228 303 1244 incarceratum
323 1228 376 1244 tenuit
396 1229 452 1244 contra
471 1228 574 1244 voluntatem
595 1228 648 1248 ipsius
668 1227 726 1243 decani
746 1232 776 1248 per
791 1232 809 1243 se
825 1228 841 1243 ei
856 1232 897 1244 suos

151 1254 243 1276 complices
258 1255 274 1271 et
289 1255 362 1271 {autores
379 1255 395 1271 et
407 1255 462 1276 ipsum
476 1255 549 1271 relaxare
567 1259 597 1270 seu
615 1254 683 1270 liberare
702 1254 755 1270 noluit
773 1254 801 1270 sed
819 1258 897 1275 expresse

151 1281 237 1301 recusavit,
257 1281 294 1298 licet
313 1281 372 1298 fuisset
391 1286 441 1302 super
460 1281 492 1297 hoc
511 1285 586 1302 congrue
605 1281 700 1301 requisitus,
720 1280 774 1297 donec
794 1281 849 1297 dilecti
867 1280 897 1297 filii

150 1307 237 1324 Johannes
256 1308 277 1324 de
297 1307 395 1329 Rutoclipeo
415 1308 431 1324 et
449 1307 507 1324 Petrus
528 1307 549 1324 de
571 1307 638 1328 Turing,
658 1308 703 1324 cives
726 1307 843 1327 Colonienses,
867 1312 897 1328 pro

151 1334 266 1355 redemptione
283 1334 358 1351 eiusdem
377 1334 435 1351 decani
453 1334 469 1350 in
485 1334 539 1350 tribus
557 1334 623 1350 milibus
637 1335 653 1350 et
668 1335 733 1350 centum
749 1334 817 1350 florenis
829 1334 863 1350 auri
876 1334 897 1350 de

152 1361 199 1377 scuto
211 1361 266 1377 eidem
278 1361 365 1378 Everwino
378 1361 394 1377 et
405 1361 478 1377 =iohanni
491 1361 547 1382 Loyec
559 1360 606 1377 militi
620 1360 662 1377 dicte
675 1361 782 1377 Coloniensis
795 1361 868 1377 diocesis
879 1365 897 1377 se

152 1387 247 1410 obligarunt
259 1387 297 1410 (sic)
310 1389 325 1404 et
341 1388 447 1410 octingentos
459 1388 535 1405 ilorenos
548 1387 568 1404 de
581 1389 628 1404 scuto
641 1388 657 1403 in
670 1388 715 1409 parte
728 1387 819 1404 solucionis
832 1392 897 1403 summe
