1023 1631
528 143 548 158 7s

523 247 553 267 25.

165 279 199 292 1342
209 279 240 293 Juffl
251 279 271 292 19.

165 301 197 319 Reg.
207 301 237 315 Vnt.
247 301 257 315 tr
268 301 293 315 147
303 301 327 315 Iol>
336 301 345 315 fi
354 300 372 314 n⁰
380 301 393 315 9.

375 352 405 372 Ad
419 353 530 378 perpetuam
545 353 570 372 rei
585 353 701 372 men-loriam⁴

218 392 270 410 Olim
282 392 348 409 felicis
360 392 509 409 recordacionis
522 392 623 409 Benedictus
633 397 678 413 papa
691 392 723 408 ΧΠ.
732 391 840 413 predecessor
854 391 913 407 noster

165 419 254 436 intendens
269 419 325 436 licium
338 420 354 435 et
366 419 457 436 dubietatis
475 419 569 439 cuiuslibet,
588 424 621 440 que
639 419 681 436 inter
695 423 778 440 pauperes
790 418 863 438 clericos,
882 417 912 439 qui

165 451 215 468 super
232 446 357 467 provisionibus
369 446 394 462 eis
411 446 491 462 iaciendis
504 446 525 462 de
537 446 624 462 beneficiis
642 446 749 462 ecclesiaticis
765 445 827 461 litteras
844 444 876 461 sub
892 449 912 461 ea

165 473 222 492 fon-na,
242 477 292 494 quam
312 477 342 494 pro
362 473 404 494 ipsis
424 472 487 489 clericis
507 472 629 489 beneficiandis
649 472 731 489 interdum
750 472 799 488 sedes
819 471 912 492 apostolica

165 499 236 516 scribere
248 499 341 519 consuevit,
356 504 365 515 a
380 499 420 516 sede
440 499 476 520 ipsa
496 504 527 520 pro
547 500 622 520 tempore
642 499 753 520 impetrabant
770 499 787 515 et
804 498 911 515 ecclesiarum

165 526 289 547 collegiatarum
309 526 380 547 capitula
402 526 497 542 oriebantur
520 526 582 547 sepius,
602 526 688 542 materiam
711 526 802 546 amputare,
826 524 912 546 quandam

164 553 304 569 constitucionem
316 552 368 569 edidit
380 552 484 569 continencie
497 552 622 573 subsequentis.

218 583 318 600 Benedictus
327 584 356 600 etc.
369 583 395 599 Ad
404 584 500 604 perpetuam
510 584 541 600 etc.
555 583 589 603 ..Ad
599 583 685 605 providam
694 583 870 604 circumspectionem¹¹
880 582 911 598 etc.

165 615 219 631 usque
236 610 257 627 ad
273 610 343 629 „Datum
356 610 439 626 Avinione
450 610 469 626 X.
482 610 515 626 kal.
527 610 628 627 Novembris
641 611 687 631 pont.
700 610 752 626 nostri
764 614 809 626 anno
822 609 910 630 septimo.“

164 637 231 657 Verum,
244 637 283 658 quia
290 637 314 653 sic
322 637 372 653 habet
383 637 472 653 multorum
484 637 610 658 iidedignorum
622 637 695 653 assercio
706 637 722 653 et
734 641 795 657 magna
807 636 912 657 experiencia

165 664 202 680 iacti
222 663 275 683 docet,
293 663 339 685 quod
360 668 389 684 per
404 664 459 684 ipsum
481 664 604 685 predecessoris
624 664 717 680 institutum
738 663 754 679 in
773 663 803 679 hac
819 663 865 684 parte
881 667 911 683 pro

165 690 238 707 comodo
247 690 284 712 (sie)
293 691 309 707 et
317 690 420 711 indepnitate
429 690 503 711 ipsorum
512 690 609 707 clericorum
618 695 710 711 pauperum
719 690 821 709 credebatur,
830 689 883 706 tendit
890 689 911 705 ad

165 721 226 733 noxam
242 717 301 738 pocius
316 718 332 733 et
352 716 477 733 incommodum
498 717 596 733 eorundem.
620 717 661 736 Nos,
681 721 701 733 ex
720 717 752 733 hiis
771 717 787 732 et
806 716 854 732 certis
874 716 911 732 aliis

165 743 294 760 racionabilibus
306 744 361 760 causis
377 743 445 763 inducti,
457 744 598 760 constitucionem
611 744 664 765 ipsam
677 744 692 759 et
705 748 772 759 omnem
785 743 821 759 eius
834 742 910 759 eflectum

165 770 186 786 de
198 770 265 786 fratrum
282 771 377 786 nostrorum
389 770 461 786 consilio
473 770 570 787 auctoritate
588 770 681 791 apostolica
699 774 797 786 revocamus
813 770 829 786 et
844 769 911 790 penitus

166 796 272 813 annullamus
290 797 379 819 ipsumque
398 797 481 813 decretum
500 802 566 813 exnunc
578 797 640 813 nullius
653 801 720 819 prorsus
739 797 808 813 existere
823 796 911 812 firmitatis,

165 824 225 841 Nostre
242 825 298 841 tamen
316 824 417 841 intencionis
438 829 546 846 nequaquam
566 825 626 844 existit,
645 824 690 845 quod
706 824 739 845 ipsi
759 829 841 845 pauperes
857 824 911 840 clerici

165 851 246 867 beneficia
258 851 326 867 maioris
339 851 399 868 valoris
417 851 434 867 in
453 851 517 868 eisdem
536 851 628 872 collegiatis
645 851 720 867 ecclesiis
738 855 767 872 per
784 851 836 867 dictas
848 851 911 867 litteras

166 878 239 899 pretextu
257 878 371 894 revocationis
389 878 486 894 huiusmodi
504 878 570 894 valeant
588 878 678 899 acceptare,
696 882 747 899 quam
765 878 802 894 ante
815 877 910 893 edicionem

165 905 291 921 constitucionis
310 904 433 926 predecessoris
449 905 525 921 eiusdem
538 905 623 926 acceptare
638 905 714 926 poterant
726 905 741 921 et
753 904 842 920 debebant.
865 904 911 920 Nulli

165 936 206 952 ergo
218 932 248 948 etc.

218 962 280 979 Datum
292 962 376 979 Avinione
388 962 428 979 XIV.
441 963 472 979 kal.
485 962 557 984 Augusti
570 967 584 979 al
597 963 657 984 primo.

524 1064 555 1084 26.

166 1095 200 1108 1342
209 1095 242 1108 Mai!
252 1095 273 1108 2⁰.

166 1117 197 1134 Reg.
208 1117 237 1131 Vat.
248 1117 256 1130 t.
267 1117 293 1130 214
302 1117 325 1131 toll
336 1117 371 1131 141⁰
380 1117 397 1131 πθ
406 1117 418 1131 9.

376 1168 406 1188 Ad
421 1170 531 1194 perpetuam
546 1170 571 1189 rei
586 1171 701 1189 memoriam*

219 1208 295 1225 Dudum
304 1209 369 1225 felicis
378 1209 527 1225 recordacionis
537 1209 636 1225 Benedictus
646 1214 688 1230 papa
697 1209 728 1225 XII.
736 1209 844 1230 predecessor
855 1210 911 1226 noster

166 1235 256 1252 nonnullas
274 1236 306 1251 tarn
325 1235 447 1256 patriarchales,
471 1236 627 1257 archiepiscopales,
648 1236 753 1257 episcopales
777 1237 792 1252 et
816 1236 910 1252 abbaciales

166 1267 216 1283 quarn
229 1262 269 1278 alias
282 1262 372 1283 dignitates
385 1266 450 1278 necnon
463 1263 569 1283 personatus,
581 1262 641 1282 oiiicia,
660 1263 773 1282 canonicatus,
786 1263 880 1284 prebendas
892 1268 911 1279 ac

166 1289 197 1305 alia
209 1288 291 1305 beneficia
303 1288 418 1308 ecclesiastica,
432 1289 511 1305 secularia
525 1290 540 1305 et
552 1289 633 1310 regularia
646 1294 683 1305 cum
692 1294 730 1305 cura
743 1291 758 1305 et
771 1290 806 1306 sine
815 1294 859 1309 eura,
872 1290 911 1306 tunc

166 1315 243 1332 vacantia
266 1316 282 1331 et
305 1315 414 1336 imposterum
438 1316 520 1335 vacatura,
543 1316 591 1332 certis
615 1316 670 1332 modis
693 1316 801 1332 vacacionum
822 1317 910 1337 expressis,

165 1342 254 1358 intendens
266 1342 287 1358 de
300 1341 332 1358 illis
344 1346 373 1363 per
391 1342 435 1358 sedis
450 1342 542 1363 apostolice
561 1342 685 1363 providenciam
702 1343 780 1362 ordinari,
795 1343 910 1364 disposicioni,

166 1369 259 1390 provisioni
282 1369 298 1385 et
321 1368 425 1385 ordinacioni
449 1373 483 1388 sue,
514 1369 568 1385 donec
598 1369 712 1385 miseracionis
741 1369 797 1386 divine
820 1370 910 1386 clemencia

166 1400 204 1412 eum
228 1395 326 1412 universalis
344 1395 413 1412 ecclesie
433 1396 509 1417 regimini
529 1396 612 1417 presidere
634 1396 739 1414 concederet,
759 1396 830 1418 quedam
849 1401 869 1413 ex
886 1396 910 1413 eis
