1023 1631
523 145 556 161 104

166 282 201 296 1³62
209 282 239 296 Jan.
250 282 271 296 16,

165 304 200 319 Cod.
209 305 225 319 B⁴
234 304 257 318 iol.
268 304 342 318 lsi—154.

214 362 273 387 Quod
288 362 375 382 ordinarii
389 363 463 388 possint
477 362 561 382 conterre
575 363 661 388 personis
675 362 756 388 ydoneis
769 363 860 382 beneficia

438 399 526 418 vacancia
541 398 638 417 reservata.

218 443 326 459 innocencius
338 443 369 459 etc⁴
392 442 420 459 Ad
428 447 457 462 ea,
476 447 514 463 que
523 442 574 458 divini
586 442 640 459 cultus
653 443 762 464 augmentum
774 447 793 459 ac
805 442 912 459 ecclesiarum

165 470 181 486 et
199 469 348 486 ecclesiasticorum
366 469 486 486 beneficiorum
505 470 567 485 statum
585 469 676 490 respiciunt
693 469 764 486 libenter
775 469 878 486 intendimus
896 470 913 486 et

164 496 256 513 animarum
266 496 349 517 periculis,
361 497 442 517 quantum
451 500 488 512 cum
497 496 530 512 deo
539 500 636 517 possumus,
644 496 741 512 affectuosis
749 496 809 512 studiis
817 496 912 513 obviamus.

164 523 207 539 Cum
225 523 282 544 itaque
294 523 314 539 ad
331 522 435 539 audienciam
450 523 524 539 nostram
538 523 634 544 pervenerit,
653 522 698 543 quod
711 523 792 539 nonnulla
804 523 912 539 canonicatus

164 550 181 566 et
192 549 282 571 prebende,
295 549 365 566 ecclesie
376 550 392 565 et
400 549 432 566 alia
440 549 523 566 beneficia
531 549 647 569 ecelesiastica,
660 549 740 566 secularia
753 550 768 565 et
780 549 861 570 regularia
874 554 911 566 curn

164 580 203 592 cura
215 577 231 593 et
243 576 279 592 sine
291 581 334 596 cura,
346 576 379 592 tam
393 576 437 597 apud
448 576 559 597 apostolicam
573 576 635 596 sedem,
645 580 695 597 quam
705 576 721 592 in
730 576 766 592 aliis
775 576 845 592 diversis
853 576 912 592 mundi

164 603 244 624 partibus,
257 603 369 619 diversimode
386 603 486 619 vacaverunt
504 603 521 619 et
539 603 597 619 vacant
609 602 630 619 ad
642 607 719 624 presens,
731 607 802 624 quorum
815 603 884 619 collatio
896 603 913 619 et

164 629 256 651 disposicio
268 630 327 651 vigore
339 629 472 646 reservacionum
485 634 515 650 per
526 634 558 645 nos
570 629 648 645 factarum
662 630 690 645 aut
702 629 736 645 iure
745 629 824 646 devoluto
832 634 862 646 seu
871 629 912 646 alias

164 656 250 672 dumtaxat
262 656 293 672 hac
304 656 339 672 vice
351 656 384 677 [ad
394 655 434 677 hos]
446 656 534 677 pertinent,
547 660 652 677 quorumque
665 656 745 677 provisio,
757 661 794 672 cum
807 656 911 677 singulorum

164 683 239 704 ipsorum
247 683 437 699 beneiiciommvacacio
442 682 463 699 ad
472 683 547 699 nostram
556 683 635 699 noticiam
643 687 677 699 non
687 683 789 704 pervenerit,
794 683 810 699 in
820 683 912 699 animarum

164 709 256 730 periculum
271 710 286 726 et
298 709 417 726 beneficiorum
437 709 512 730 ipsorum
532 709 640 730 dispendium
658 714 692 725 non
711 709 795 726 modicum
815 709 911 726 retardatur.

163 736 199 752 Nos
217 736 293 752 volentes
311 740 362 757 super
379 736 411 752 hoc
429 736 497 757 paterne
518 736 586 757 pietatis
599 736 673 752 remedio
686 736 773 757 providere
785 741 804 752 ac
816 736 912 752 huiusmodi

164 762 243 784 dampnis
257 763 274 779 et
288 763 366 784 periculis
375 763 447 782 obviare,
462 763 542 779 omnibus
555 763 570 779 et
582 763 654 784 singulis
666 763 740 779 locorum
753 763 841 779 ordinariis
853 764 869 779 et
881 763 912 779 aiis

164 789 298 810 quibuscunque,
315 789 336 805 ad
353 794 396 810 quos
412 789 453 805 alias
469 790 599 806 canonicatuum
612 790 628 805 et
640 789 761 810 prebendamm
774 794 793 806 ac
805 790 911 806 ecclesiarum

164 817 179 833 et
200 817 319 833 beneficiorum
339 817 436 833 huiusmodi
451 817 526 836 collacio,
549 817 623 838 provisio
643 818 671 833 aut
691 818 823 838 presentatorurn
843 817 864 833 ad
884 817 911 833 iila

164 844 248 860 institucio
257 844 278 860 de
291 844 325 860 iure
337 844 362 860 vel
370 844 492 860 consuetudine
501 844 613 860 communiter
621 844 646 860 vel
656 844 722 860 divisim
731 844 807 865 pertinet,
815 844 912 860 conferendi

164 870 194 887 hac
206 871 241 887 vice
254 870 339 887 dumtaxat
351 871 447 887 auctoritate
460 871 553 891 apostolica
571 870 668 887 huiusmodi
677 871 785 887 canonicatus
794 871 809 887 et
818 870 911 892 prebendas

164 902 182 913 ac
194 897 272 914 ecclesias
285 898 301 913 et
313 897 345 913 alia
357 897 438 913 beneficia
451 897 563 913 ecclesiastica
576 897 599 913 sic
608 897 628 913 ad
637 902 706 918 presens
715 898 798 917 vacancia,
811 898 860 918 prout
870 897 911 913 alias

163 924 184 940 ad
197 929 226 940 eos
240 923 329 945 lcollacio]
346 924 457 940 communiter
474 924 499 940 vel
519 924 587 940 divisim
600 924 677 945 pertinet,
695 924 788 940 dummodo
806 924 910 945 singulorum

164 950 240 971 ipsorum
256 951 385 967 canonicatuum
398 951 413 966 et
433 950 556 971 prebendarum
579 951 595 967 et
614 951 684 967 aliorum
704 951 823 967 beneficiorum
844 951 910 970 tructus.

164 977 239 993 redditus
251 978 267 993 et
280 978 375 998 proventus,
388 977 402 993 si
415 981 452 993 cum
464 982 502 993 cura
516 977 574 998 viginti
587 977 600 993 si
609 982 648 993 vero
656 977 692 993 sine
701 982 738 993 cura
748 977 808 993 tuerint
816 977 911 998 quindecim

164 1004 241 1020 librarum
253 1004 337 1020 Turonenl
350 1008 437 1025 parvorum
451 1004 544 1020 secundum
553 1004 657 1020 taxacionem
671 1004 741 1023 decime,
754 1004 782 1020 ubi
795 1004 815 1020 ad
828 1004 910 1020 decimam

162 1031 212 1047 taxati
225 1031 268 1050 sunt,
277 1031 318 1047 alias
331 1035 369 1046 vero
382 1030 474 1046 secundum
486 1035 594 1046 communem
607 1031 740 1050 extimacionem,
749 1031 822 1047 valorem
835 1035 910 1047 annuum

163 1062 197 1073 non
210 1057 295 1077 excedant,
308 1057 374 1078 singula
387 1061 444 1073 eorum
454 1057 531 1073 videlicet
540 1057 611 1078 singulis
620 1058 696 1078 personis
708 1057 780 1078 ydoneis
793 1057 845 1073 eciam
858 1062 910 1073 unum

162 1084 189 1100 vel
207 1084 241 1100 duo
259 1084 370 1100 ecclesiastica
389 1084 470 1100 beneficia
489 1084 605 1100 obtinentibus
623 1084 648 1100 vei
667 1084 794 1105 expectantibus
806 1085 822 1100 et
835 1084 856 1100 de
868 1084 910 1105 ipsis

163 1110 261 1131 providendi
274 1111 290 1127 et
302 1111 353 1127 eciam
366 1110 473 1131 disponendi,
482 1110 572 1126 inducendi
586 1115 654 1131 quoque
667 1115 696 1131 per
708 1115 726 1127 se
737 1111 763 1127 vel
771 1111 822 1126 alium
831 1115 860 1127 seu
869 1111 911 1127 alios

163 1141 244 1158 personas
264 1137 309 1158 ipsas
329 1137 355 1153 vel
375 1138 490 1158 procuratores
510 1141 568 1153 eorum
589 1137 663 1158 ipsarum
685 1137 754 1153 nomine
772 1137 787 1153 in
808 1137 910 1158 corporalem

163 1164 290 1185 possessionem
306 1164 434 1180 canonicatuum
451 1164 467 1180 et
486 1163 609 1185 prebendarum
633 1164 739 1180 ecclesiarum
754 1164 770 1179 et
790 1164 909 1180 beneficiorum

163 1190 237 1211 ipsorum
253 1191 313 1207 iurium
330 1191 345 1207 et
357 1190 477 1211 pertinencium
498 1190 573 1211 ipsorum
592 1191 607 1206 et
625 1190 726 1206 deiendendi
747 1190 827 1210 inductas,
848 1191 911 1207 amotis

163 1217 223 1233 exinde
241 1217 344 1238 quibuslibet
361 1217 475 1233 detentoribus
493 1217 515 1233 ab
533 1217 596 1233 eisdem
615 1221 634 1233 ac
646 1217 716 1233 faciendi
730 1222 813 1238 personas
826 1217 871 1238 ipsas
884 1217 910 1233 vel

163 1245 278 1265 procuratores
295 1248 350 1260 earum
369 1244 389 1260 ad
408 1244 502 1265 prebendas
516 1244 612 1260 huiusmodi
625 1244 641 1260 in
655 1244 734 1263 ecclesiis,
746 1244 762 1260 in
776 1244 837 1265 quibus
849 1244 910 1260 tuerint

163 1270 180 1286 in
198 1271 289 1287 canonicos
307 1271 367 1291 recepti
386 1271 401 1287 et
420 1271 436 1286 in
458 1270 521 1289 iratres,
537 1271 585 1286 stallo
598 1270 622 1286 eis
637 1270 654 1286 in
666 1270 717 1287 choro
730 1271 745 1287 et
758 1271 795 1287 loco
808 1271 824 1287 in
837 1271 911 1292 capituto

163 1301 200 1314 cum
218 1297 322 1318 plenitudine
340 1297 380 1313 iuris
396 1297 472 1313 canonici
485 1297 580 1318 assignatis,
599 1298 615 1313 et
630 1297 650 1313 ad
665 1297 743 1313 ecclesias
756 1298 771 1313 et
783 1297 815 1313 alia
827 1297 910 1314 beneficia

163 1324 274 1343 ecclesiastica
283 1324 382 1345 supradicta,
395 1325 412 1340 ut
423 1325 448 1340 est
457 1324 514 1342 moris,
526 1324 589 1340 admitti
599 1324 658 1344 eisque
667 1324 687 1340 de
697 1324 771 1344 ipsorum
782 1324 910 1340 canonicatuum

163 1352 179 1367 et
191 1351 312 1372 prebendarum
339 1355 358 1366 ac
385 1350 490 1367 ecclesiarum
514 1351 530 1366 et
558 1350 677 1366 beneficiorum
702 1350 790 1369 fructibus,
814 1351 911 1370 redditibus,

163 1378 279 1399 proventibus,
292 1377 356 1393 iuribus
368 1378 384 1393 et
396 1377 532 1393 obuencionibus
545 1377 626 1393 universis
639 1377 702 1397 integre
715 1377 818 1398 responderi,
842 1377 911 1394 Contra-

164 1404 235 1420 dictores
247 1405 277 1420 etc.
