3734 5940
184 1656 366 1737 Litterae
380 1655 649 1765 Apostolicae
668 1653 967 1734 reservatoriae
986 1653 1204 1764 generales
1225 1665 1359 1733 extra
1373 1679 1545 1762 corpus
1561 1654 1676 1736 iuris

184 1810 418 1926 vagantes
442 1842 467 1896 a
489 1815 706 1897 Clemente
731 1816 802 1896 IV.
829 1842 963 1924 usque
991 1813 1044 1895 ad
1065 1814 1297 1921 Johannem
1322 1812 1454 1893 XXll.
1484 1813 1672 1896 emissae.

772 1993 1089 2086 mmfmm

852 2259 1012 2266 ..—

291 2445 1674 2593 lncmffipnnaarnrmammunmqmr

186 2616 218 2683 S.
243 2616 380 2683 Adriani
403 2617 556 2682 Diacono
580 2614 748 2681 Cardinali
784 2617 817 2680 in
854 2617 1003 2701 partibus
1027 2616 1180 2701 Angliae,
1206 2617 1239 2681 in
1275 2635 1379 2701 regno
1405 2616 1536 2683 Scotiae
1572 2635 1609 2682 ac
1644 2617 1676 2680 in

185 2724 303 2790 Wallia
350 2726 382 2789 et
428 2724 531 2789 Iberia
581 2722 719 2807 „plenae
766 2723 964 2807 legationis“
1014 2723 1162 2789 officium
1209 2724 1373 2790 obtinenti
1421 2725 1597 2811 scripsitl)
1643 2742 1679 2788 se

186 2830 446 2915 archiepiscopis
463 2833 495 2895 et
511 2829 691 2914 episcopis,
716 2830 904 2909 abbatibus,
930 2831 1107 2914 prioribus,
1125 2830 1270 2909 decanis,
1289 2830 1531 2896 archidiaconis
1553 2833 1585 2896 et
1605 2830 1679 2896 aliis

187 2937 399 3004 ecclesiarum
424 2936 579 3020 praelatis
600 2954 731 3002 necnon
749 2937 912 3020 capitulis,
937 2939 1160 3004 conventibus
1177 2940 1209 3002 et
1225 2938 1376 3022 collegiis
1401 2938 1679 3004 monasteriorum

187 3047 219 3110 et
240 3044 452 3110 ecclesiarum
476 3046 543 3109 tam
568 3044 805 3110 cathedralium
831 3063 931 3128 quam
956 3045 1093 3110 aliarum
1119 3044 1196 3110 dicti
1214 3045 1307 3128 regni
1324 3043 1466 3128 Angliae
1490 3044 1679 3122 mandasse,

186 3170 229 3216 ne
276 3150 317 3246 ad
364 3151 560 3216 electionem
608 3151 948 3236 archiepiscoporum,
996 3152 1248 3236 episcoporum,
1295 3153 1469 3230 abbatum,
1521 3152 1679 3236 priorum,

187 3258 390 3324 decanorum
425 3261 481 3323 aut
516 3258 703 3342 aliquorum
738 3258 878 3324 aliorum
914 3258 966 3323 vel
1003 3257 1043 3323 ad
1080 3259 1291 3343 provisiones
1327 3262 1383 3325 aut
1413 3259 1609 3326 collationes
1638 3259 1680 3324 de

187 3365 357 3450 aliquibus
393 3365 628 3449 personatibus
663 3365 716 3430 vel
752 3365 972 3449 dignitatibus
1006 3365 1177 3431 iaciendas
1219 3365 1398 3450 procedere
1434 3365 1679 3449 quoquomodo

188 3475 448 3557 praesumerent,
485 3474 665 3556 antequam
711 3471 876 3537 mandatis
915 3472 985 3537 suis
1022 3491 1066 3538 sc.
1092 3473 1206 3557 Legati
1247 3476 1279 3538 et
1302 3472 1470 3538 Ecclesiae
1510 3472 1680 3545 Romanae

188 3580 387 3664 paruissent.
437 3579 542 3656 ,Nos
562 3579 664 3644 enim
683 3579 839 3644 interim
859 3579 1097 3658 electioneS,
1113 3579 1354 3645 collationes
1372 3581 1408 3643 et
1425 3579 1680 3663 provisiones

188 3686 417 3752 huiusmodi
458 3686 668 3752 donationi
704 3684 963 3770 Apostolicae
1002 3689 1262 3764 reservantes,
1302 3684 1556 3751 decernimus
1596 3688 1675 3751 etc.“

322 3828 419 3909 Quae
462 3829 639 3895 reservatio
682 3829 849 3913 generalis
889 3831 922 3894 in
967 3847 1071 3913 regno
1117 3827 1258 3913 Angliae
1302 3830 1452 3913 tempore
1499 3826 1677 3911 legationis

189 3936 375 4022 praedictae
400 3936 472 4001 sine
497 3935 600 4002 dubio
626 3936 770 4002 maxima
798 3956 838 4002 ex
862 3938 953 4020 parte
992 3936 1077 4001 lacta
1102 3937 1152 4000 est
1176 3953 1216 3999 ex
1239 3935 1350 4000 causis
1385 3931 1615 4020 politicis,³)
1645 3931 1679 3994 ut

190 4063 248 4129 per
260 4043 426 4128 praelatos
443 4044 682 4109 auctoritate
705 4042 941 4128 Apostolica
956 4060 1024 4108 non
1041 4043 1222 4108 lactionum
1235 4041 1267 4106 vi
1285 4041 1409 4107 electos
1425 4039 1552 4105 facilius
1570 4055 1634 4122 pax
1648 4039 1680 4101 et

188 4150 408 4235 tranquillitas
448 4151 671 4216 restitueretur
716 4151 749 4215 in
795 4167 900 4235 regno
940 4148 1081 4233 Angliae
1135 4149 1245 4232 „gravi
1296 4141 1435 4213 nimium
1470 4144 1677 4210 turbatione“

190 4258 340 4324 lacerato.
388 4256 559 4323 Praeterea
590 4256 697 4323 eidem
734 4257 860 4341 Legato
897 4255 951 4321 die
979 4255 999 4321 5
1023 4256 1105 4322 ldaii
1133 4254 1250 4342 12654)
1286 4270 1445 4321 concessa
1469 4254 1519 4317 est
1542 4250 1682 4317 facultas

252 4544 273 4613 1)
293 4543 348 4609 Qui
367 4544 462 4613 postea
482 4543 562 4611 (1276
580 4543 642 4597 lulii
664 4544 715 4611 11.)
735 4542 837 4595 electus
857 4542 898 4595 est
918 4541 992 4600 Rom.
1013 4539 1137 4594 Pontifex
1157 4539 1300 4606 (Adrianus
1320 4539 1372 4607 11.),

252 4633 274 4702 ²)
294 4634 358 4704 Reg.
379 4632 438 4686 vat.
458 4632 475 4685 t.
496 4631 530 4686 32
549 4630 585 4684 n⁰
606 4631 663 4684 117.

295 4722 396 4776 Jordan
416 4722 432 4774 l.
453 4737 474 4775 c.
494 4718 529 4773 n⁰
550 4720 608 4774 118.

252 4810 273 4880 ³)
294 4810 398 4874 Heiele,
418 4809 716 4879 Conciliengescbichle
734 4807 769 4862 Vl
788 4824 814 4877 p.
834 4808 868 4862 76
887 4823 946 4876 sqq.

297 4900 413 4971 lingard
432 4900 448 4953 l.
468 4915 490 4952 c.
514 4898 562 4952 125
582 4913 646 4967 sqq;
668 4899 718 4952 147
737 4913 796 4966 sqq.

253 4991 276 5060 ⁴)
296 4991 361 5060 Reg.
382 4989 440 5043 Vat.
461 4992 478 5042 t.
499 4988 533 5041 32
553 4986 588 5041 11⁰
606 4987 648 5041 70.

297 5078 396 5133 Jordan
417 5079 433 5131 1.
454 5093 475 5131 c.
495 5076 532 5129 n⁰
550 5077 593 5130 72.

297 5168 340 5221 De
359 5168 416 5220 aliis
435 5167 607 5220 facultatibus
626 5169 693 5220 circa
711 5163 904 5218 beneficiorum
924 5164 1107 5231 provisionem
1127 5161 1215 5214 eidem
1237 5161 1337 5231 legato
1357 5160 1427 5213 datis

298 5257 338 5314 Cl.
358 5257 423 5328 Reg.
444 5257 503 5310 Vat.
523 5257 539 5309 l.
561 5272 582 5310 c.
603 5256 637 5308 n⁰
655 5257 685 5310 71
710 5252 859 5308 :Jordan
880 5253 896 5305 l.
917 5267 938 5305 c.
958 5252 993 5303 n⁰
1011 5251 1045 5304 73

603 5346 741 5401 n⁰72=
806 5367 816 5388 a
881 5341 1048 5393 :mit
