3720 5932
820 307 1033 400 Ar»...

180 514 285 579 lorma
308 513 360 579 vel
386 515 606 599 conceptione
630 514 817 592 verborum,
836 513 900 579 illis
924 512 1133 580 commendis
1158 515 1190 578 et
1213 511 1501 590 concessionibus,
1521 528 1595 595 que,
1614 529 1673 595 per

181 620 319 686 eosdem
352 620 606 704 predecessores
629 621 783 687 iratribus
807 622 930 686 nostris
955 620 1076 686 Sancte
1100 618 1250 692 Romane
1275 620 1413 685 ecclesie
1438 617 1671 698 cardinalibus,

181 727 238 812 qui
277 727 453 793 nobiscum
493 727 628 793 assidue
668 727 839 812 regiminis
879 726 1076 792 universalis
1105 726 1259 792 ecclesie
1298 725 1522 811 parciuntur⁶)
1560 744 1671 804 onera,

180 834 263 899 lacte
301 834 405 900 luisse
444 836 636 914 noscuntur,
677 834 834 919 exceptis,
874 834 1066 900 auctoritate
1097 833 1279 917 apostolica
1311 833 1444 917 penitus
1477 850 1671 899 revocamus

181 942 212 1005 et
242 941 382 1006 omnino
414 941 541 1007 iuribus
584 959 774 1007 vacuamus.
827 941 969 1026 ipsaque
1004 940 1172 1019 ecclesias
1220 940 1432 1019 monasteria,
1479 939 1671 1024 prelaturas,

140 1117 141 1120 ,
181 1047 355 1132 prioratus,
402 1046 594 1132 dignitates,
641 1049 851 1132 personatus,
898 1046 1219 1126 administraciones,
1272 1045 1382 1112 oilicia
1428 1048 1461 1113 et
1509 1046 1673 1113 beneficia

181 1157 280 1239 atque
318 1154 392 1220 loca
438 1154 545 1220 taliter
589 1153 823 1221 commendata
875 1153 928 1219 vel
982 1156 1124 1233 retenta,
1171 1156 1206 1218 ut
1252 1153 1317 1220 illis
1363 1154 1405 1219 de
1452 1154 1594 1238 propriis
1641 1157 1673 1219 et
1710 1183 1714 1190 ·

181 1261 318 1326 utilibus
351 1260 642 1345 gubernatoribus,
678 1265 813 1327 auctore
838 1260 992 1339 domino,
1033 1260 1206 1345 providere
1246 1261 1428 1344 possimuS,
1464 1261 1672 1326 ordinacioni

181 1369 212 1433 et
229 1367 448 1453 disposicioni
469 1371 582 1434 nostre
598 1368 659 1435 hac
680 1368 761 1447 vice,
780 1369 971 1434 auctoritate
991 1367 1186 1451 apostolica,
1211 1385 1428 1432 reservamus.
1471 1366 1672 1446 inhibentes,

180 1476 323 1559 nequis
355 1476 461 1559 preter
485 1474 674 1548 Romanum
699 1474 906 1553 Pontificem,
938 1477 1168 1560 quantumque
1192 1474 1235 1540 sit
1259 1491 1359 1558 super
1389 1473 1453 1540 hoc
1480 1474 1673 1540 auctoritate

182 1582 339 1661 munitus,
364 1582 405 1647 de
429 1582 512 1666 ipsis
536 1581 695 1661 ecclesiis,
720 1582 942 1660 monasteriis,
979 1581 1160 1666 prelaturis,
1195 1581 1405 1665 prioratibus,
1441 1579 1671 1665 dignitatibus,

182 1689 427 1773 personatibus,
461 1689 822 1767 administracionibus,
851 1687 971 1753 oiliciis
996 1690 1028 1753 et
1051 1687 1224 1754 beneficiis
1249 1690 1349 1772 atque
1381 1687 1463 1753 locis
1493 1685 1673 1772 disponere

180 1796 233 1861 vel
272 1796 356 1862 circa
395 1796 449 1861 illa
489 1796 668 1881 quicquam
706 1797 865 1861 innovare
913 1796 1107 1880 presumant
1152 1813 1190 1860 ac
1236 1794 1452 1860 decernentes
1498 1812 1539 1859 ex
1585 1811 1673 1860 nunc

181 1903 305 1968 irritum
337 1906 370 1968 et
399 1903 508 1983 inane,
541 1903 568 1968 si
598 1920 694 1969 secus
731 1919 832 1987 super
862 1902 925 1967 hiis
962 1920 1020 1986 per
1055 1919 1288 1986 quoscumque
1326 1901 1445 1985 quavis
1479 1900 1673 1967 auctoritate

182 2010 322 2075 scienter
346 2010 399 2075 vel
429 2010 622 2094 ignoranter
651 2009 826 2093 contigerit
856 2009 1053 2093 attemptari.
1099 1995 1248 2087 Verum,¹
1268 2026 1310 2073 ne
1345 2007 1449 2092 aliqui
1486 2007 1672 2074 insaciabili

181 2117 369 2183 ambicione
398 2134 457 2182 seu
482 2117 635 2201 improba
659 2116 841 2182 temeritate
871 2116 1037 2181 abstinere
1061 2115 1249 2181 nescientes
1274 2134 1292 2181 a
1315 2115 1426 2180 vetitis
1461 2133 1523 2180 nec
1558 2114 1672 2180 debito

182 2222 285 2288 modo
309 2222 455 2307 gaudere
486 2224 657 2289 concessis
686 2224 884 2308 attemptent
914 2221 1166 2307 presumptione
1192 2220 1399 2306 dampnabili
1430 2221 1593 2306 premissa
1624 2221 1673 2287 eis

180 2329 288 2395 taliter
303 2330 536 2396 commendata
552 2331 605 2396 vel
626 2333 752 2395 retenta
775 2332 889 2396 contra
914 2329 1163 2395 revocacionem
1184 2327 1377 2414 hujusmodi
1400 2345 1459 2412 per
1475 2344 1538 2392 nos
1554 2326 1672 2393 iactam

181 2437 355 2520 exquisitis
379 2437 552 2503 lraudibus
577 2454 636 2503 seu
661 2437 929 2522 presumptuosis
954 2437 1092 2502 ausibus
1117 2436 1265 2514 retinere,
1296 2435 1441 2519 presenti
1466 2433 1673 2500 ordinacioni

181 2543 337 2609 duximus
355 2543 640 2630 subjungendum,
666 2544 758 2628 quod
784 2544 840 2621 hii,
866 2544 922 2627 qui
946 2544 1105 2609 tenebant
1129 2542 1295 2622 ecclesias,
1326 2541 1538 2619 monasteria,
1568 2540 1672 2625 prela-

181 2652 280 2728 turas,
306 2649 626 2727 administraciones,
652 2649 773 2728 ollicia,
799 2649 960 2716 beneficia
985 2652 1016 2715 et
1041 2650 1113 2716 loca
1137 2648 1332 2736 hujusmodi
1363 2647 1598 2714 commendata
1621 2647 1673 2713 vel

182 2758 305 2822 retenta
324 2756 405 2821 intra
422 2756 509 2821 duos
534 2775 679 2834 menses,
705 2755 816 2821 adata
841 2757 1050 2840 presencium
1080 2742 1337 2840 computandos
1364 2755 1617 2839 possessionem
1642 2758 1675 2820 et

182 2862 414 2928 detonsionem
432 2881 547 2928 eorum
566 2881 657 2948 pure,
683 2862 795 2941 libere,
820 2863 949 2928 realiter
972 2866 1005 2928 et
1028 2881 1102 2928 cum
1128 2862 1244 2928 ellectu
1267 2861 1429 2927 dimittere
1446 2863 1620 2927 teneantur
1643 2864 1675 2927 et

182 2968 224 3034 ad
249 2969 302 3034 illa
328 2988 501 3054 nunquam
527 2969 598 3036 sine
623 2988 711 3035 nova
736 2970 929 3055 provisione
961 2988 1019 3035 seu
1045 2968 1274 3053 disposicione
1306 2970 1347 3034 ab
1379 2969 1453 3044 illis,
1486 2969 1543 3052 qui
1575 2986 1675 3052 super

182 3076 246 3142 hoc
270 3079 470 3160 potestatem
495 3077 671 3141 habuerint
693 3075 845 3142 iacienda
884 3075 988 3141 redire
1024 3095 1061 3142 ac
1096 3092 1210 3141 eorum
1247 3075 1531 3141 administracioni
1556 3093 1614 3159 per
1637 3093 1674 3141 se

182 3182 233 3248 vel
259 3183 359 3248 alium
386 3201 422 3249 se
453 3184 639 3255 immiscere
671 3186 875 3267 presumant.
923 3183 963 3248 Et
998 3182 1217 3248 nihilominus
1253 3182 1334 3247 inira
1370 3200 1474 3246 unum
1511 3199 1673 3260 mensem,

183 3289 374 3356 immediate
399 3289 566 3375 predictos
590 3289 677 3356 duos
702 3308 837 3355 menses
862 3292 1070 3374 sequentem,
1096 3289 1137 3354 de
1169 3287 1367 3354 dimissione
1392 3288 1585 3374 hujusmodi
1611 3289 1674 3354 sub

182 3397 376 3462 testimonio
416 3396 551 3481 publico
603 3399 789 3481 procurent,
841 3397 1057 3463 camerarium
1105 3398 1255 3460 nostrum
1303 3394 1438 3460 reddere
1484 3395 1673 3462 cerciorem.

182 3502 341 3588 Alioquin
366 3503 516 3588 episcopi
541 3505 573 3568 et
594 3520 710 3568 eorum
736 3503 925 3588 superiores
950 3504 992 3568 ab
1016 3501 1127 3568 ollicio
1150 3505 1182 3567 et
1198 3501 1489 3568 administracione
1506 3502 1674 3586 suspensi,

182 3611 280 3676 ceteri
304 3629 383 3676 vero
408 3611 567 3676 omnibus
596 3610 779 3694 prelaturis,
809 3609 1039 3694 dignitatibus,
1075 3609 1320 3694 personatibus,
1356 3608 1476 3675 olliciis
1511 3610 1567 3675 aut
1602 3608 1675 3683 aliis

182 3716 355 3783 beneficiis
385 3719 416 3781 et
444 3716 526 3782 locis
558 3717 827 3800 quibuscunque,
864 3733 929 3799 que
964 3716 1126 3794 obtinent,
1163 3716 1229 3782 sint
1264 3715 1339 3800 ipso
1374 3714 1459 3782 lacto
1484 3715 1602 3799 privati
1638 3734 1675 3782 ac

182 3841 319 3908 prorsus
336 3822 500 3889 inhabiles
515 3821 556 3889 ad
574 3822 637 3888 alia
659 3823 878 3907 imposterum
895 3821 1088 3888 obtinenda.
1136 3820 1230 3887 Circa
1246 3821 1465 3887 commendas
1487 3825 1608 3902 autem,
1633 3821 1675 3888 de

183 3929 384 4014 quibusdam
413 3929 657 3996 cathedralibus
682 3929 830 3995 ecelesiis
855 3931 887 3994 et
911 3928 984 3994 aliis
1009 3927 1222 4013 beneficiis,⁷)
1248 3928 1515 4013 quibuscumque
1539 3946 1674 3995 venera-

183 4035 306 4102 bilibus
330 4037 484 4102 lratribus
508 4037 630 4101 nostris
655 4036 847 4129 patriarchis
870 4036 975 4114 iactis,
1001 4054 1084 4115 quas
1108 4053 1149 4100 ex
1180 4034 1277 4101 certis
1308 4035 1381 4101 aliis
1416 4035 1675 4103 racionabilibus

183 4144 292 4208 causis
328 4143 360 4209 in
396 4144 541 4228 presenti
573 4141 789 4208 ordinacione
819 4145 850 4207 et
878 4142 1107 4207 reservacione
1143 4144 1256 4207 nostra
1281 4141 1405 4208 includi
1430 4142 1589 4209 nolumus
1614 4161 1676 4209 nec

184 4249 288 4314 eciam
305 4249 554 4334 comprehendi,
580 4249 732 4314 ordinare
758 4249 973 4327 intendimus,
995 4266 1069 4314 cum
1087 4249 1187 4314 nobis
1203 4247 1369 4314 videbitur
1384 4249 1549 4334 expedire.
1584 4249 1674 4315 Nulli

183 4374 264 4440 ergo
289 4359 349 4423 etc.
948 4393 960 4421 0

290 4481 366 4546 Dat.
391 4485 471 4566 aput
489 4481 609 4547 Villam
625 4481 757 4547 Novam
779 4479 979 4546 hvinionen.
1005 4479 1149 4546 diocesis
1177 4480 1244 4546 XV.
1268 4480 1331 4546 kal.
1352 4480 1442 4547 lunii
1469 4500 1497 4547 a.
1526 4481 1675 4567 primo.⁸)

247 4731 267 4798 1)
288 4730 446 4800 negligitur:
466 4729 495 4783 B.

248 4817 269 4885 ²)
290 4820 380 4873 debita
400 4820 426 4873 et
445 4821 589 4873 consueta:
609 4818 638 4872 B.

245 4907 267 4975 θ)
288 4911 421 4962 servatur:
440 4907 470 4962 B.

244 4996 268 5064 ⁴)
287 4999 384 5066 pariter
403 4999 430 5051 et
448 4997 591 5066 prodesse:
612 4996 641 5051 B.

245 5085 268 5152 ὅ)
288 5086 422 5157 singulas:
443 5085 473 5140 B.

248 5173 270 5242 6)
290 5177 443 5244 paciuntur:
469 5174 499 5229 B.

246 5262 268 5332 ¹)
288 5264 425 5318 ecclesiis:
445 5264 475 5319 B.

245 5352 267 5423 Ι)
287 5355 347 5407 stne
365 5352 423 5407 dle:
442 5351 473 5407 B.
