3720 5932
182 718 251 773 1344
269 718 346 773 Febr.
368 719 408 773 13.

180 805 248 861 Cod.
268 806 298 861 Β.
318 807 363 862 iol.
385 808 533 864 124-127.

180 1020 388 1106 Revocacio
407 1023 590 1125 generalis
611 1027 909 1102 reservacionum
930 1022 1072 1100 domini
1088 1022 1271 1102 lobannis
1290 1046 1388 1124 pape
1408 1027 1445 1100 in
1469 1025 1671 1123 provinciis

279 1164 376 1242 ltalie
405 1168 441 1242 et
470 1170 675 1244 reservacio
705 1166 864 1256 illorum,
895 1165 942 1243 de
971 1166 1108 1266 quibus
1137 1165 1310 1244 nonfuit
1339 1164 1561 1242 ordinatum.

320 1322 498 1404 Clemens
527 1330 729 1427 episcopus
758 1328 825 1403 etc.
882 1322 943 1403 Ad
971 1328 1191 1426 perpetuam
1221 1329 1270 1402 rei
1300 1327 1531 1402 memoriam.

288 1499 412 1586 Super
446 1501 656 1568 universas
693 1502 783 1568 orbis
819 1503 977 1569 ecclesias
1009 1521 1027 1568 a
1058 1501 1197 1569 domino
1233 1502 1402 1568 constituti
1438 1501 1521 1567 circa
1558 1519 1670 1566 earum

181 1607 360 1674 commoda
384 1610 415 1674 et
438 1608 550 1693 gregis
575 1607 734 1675 dominici
759 1609 859 1675 nobis
884 1609 917 1674 in
949 1609 997 1675 eis
1028 1609 1200 1675 commissi
1225 1607 1376 1675 custodia
1400 1607 1549 1686 libenter,
1574 1610 1671 1692 prout

181 1717 341 1793 tenemur,
366 1732 406 1779 ex
442 1713 556 1781 debito
591 1715 704 1798 vigilis
740 1716 958 1801 speculatoris
995 1715 1143 1782 otticium
1180 1714 1378 1782 adhibemus
1403 1717 1435 1780 et
1459 1714 1501 1780 ad
1525 1733 1575 1792 ea,
1605 1731 1671 1798 que

182 1821 366 1886 animarum
381 1821 521 1887 salutem
536 1822 748 1888 ecclesiarum
763 1823 910 1907 ipsarum
923 1822 1052 1888 bonum
1067 1823 1186 1888 statum
1201 1825 1233 1887 et
1243 1821 1392 1887 fidelium
1400 1820 1671 1905 tranquillitatem

182 1927 368 2013 respiciant,
394 1927 511 1994 studiis
535 1928 614 1994 totis
639 1927 845 1995 intendimus
870 1929 1010 1995 intensis
1035 1927 1208 1995 desideriis
1233 1927 1428 2006 laborando,
1464 1929 1499 1992 ut
1533 1926 1671 1994 ecclesie

182 2034 255 2119 ipse
280 2052 316 2099 ac
345 2034 417 2100 loca
454 2034 676 2101 ecclesiastica
700 2035 882 2102 rectoribus
916 2036 1143 2120 gubernentur
1165 2035 1309 2121 ydoneis
1334 2036 1366 2100 et
1389 2035 1552 2100 canonico
1576 2032 1671 2099 titulo

181 2143 356 2207 teneantur
379 2142 560 2226 omnisque
583 2141 716 2208 tollatur
739 2143 882 2221 occasio
908 2160 1091 2228 perquam
1116 2142 1224 2227 possit
1254 2142 1453 2208 contrarium
1486 2139 1670 2226 provenire.

183 2246 274 2314 Olim
311 2247 476 2332 siquidem
506 2247 547 2313 ie.
573 2266 616 2314 re.
641 2248 814 2315 lohannes
850 2267 938 2334 papa
961 2249 1054 2314 XXll.
1081 2252 1141 2314 etc.
1171 2249 1211 2314 ut
1232 2251 1267 2313 in
1292 2248 1538 2314 constitutione
1564 2244 1671 2323 ,Soli-

181 2353 297 2419 citudo
308 2352 521 2438 pastoralem
544 2353 602 2439 (n0
614 2353 672 2441 34)
693 2355 860 2439 usquead
875 2373 1058 2435 cassamus,
1076 2356 1240 2421 irritamus
1257 2357 1289 2421 et
1305 2355 1438 2440 penitus
1460 2353 1672 2420 annullamus

180 2461 340 2545 ipsasque
364 2461 489 2528 nullius
513 2461 583 2527 iore
608 2461 819 2528 decernimus
844 2463 977 2547 penitus
1001 2462 1176 2528 firmitatis.
1675 2473 1678 2478 ’

287 2602 379 2669 Nulli
405 2621 485 2688 ergo
511 2605 569 2669 etc.

288 2745 411 2811 Datum
435 2744 603 2812 Avinione
627 2745 738 2811 idibus
762 2745 931 2812 Februarii
957 2749 1050 2831 pont.
1061 2743 1087 2832 1)
1111 2747 1215 2813 nostri
1240 2765 1268 2812 a.
1294 2744 1453 2812 secundo

245 2993 269 3064 1)
292 2993 403 3064 ,pontit
422 2994 521 3048 nostri‘
543 2994 643 3050 desunt
661 2994 694 3049 V.

187 3402 255 3457 1344
273 3402 349 3457 Febr.
372 3401 411 3456 13.

184 3490 252 3546 Cod.
272 3490 301 3545 B.
321 3491 367 3545 fol.
388 3491 446 3546 123.

183 3705 403 3791 Reservacio
418 3707 601 3810 generalis
624 3707 893 3809 episcopalium
914 3710 950 3784 et
968 3708 1120 3785 aliarum
1136 3707 1412 3810 collegiatarum
1435 3706 1671 3784 ecclesiarum

588 3853 623 3928 et
651 3852 963 3928 monasteriorum
992 3854 1030 3926 in
1058 3853 1271 3951 provinciis.

419 4055 420 4060 Ν
464 4009 642 4089 Clemens
671 4013 739 4088 etc.
795 4007 856 4088 Ad
884 4010 1045 4088 futuram
1075 4015 1124 4088 rei
1155 4014 1386 4088 memoriam.

286 4188 519 4273 Dirigentes
543 4190 677 4253 nostre
701 4186 1046 4253 consideracionis
1070 4188 1225 4253 intuitum
1249 4187 1291 4254 ad
1316 4189 1435 4253 statum
1458 4187 1669 4253 ecclesiarum

184 4297 215 4359 et
240 4295 519 4360 monasteriorum
544 4293 690 4379 parcium
717 4293 963 4359 Italic-auctore
988 4293 1128 4360 domino
1153 4297 1213 4360 etc.
1340 4294 1511 4380 prodesse.

287 4436 490 4503 Huiusmodi
515 4439 546 4502 et
569 4436 741 4503 nonnullis
766 4435 840 4501 aliis
873 4437 1131 4503 racionabilibus
1161 4438 1272 4503 causis
1297 4435 1431 4516 inducti,
1461 4437 1673 4522 provisiones

185 4543 335 4609 om'nium
400 4546 431 4608 et
484 4544 691 4629 singularum
749 4543 1014 4629 patriarchalium
1068 4547 1100 4610 et
1146 4543 1389 4629 episcopalium
1448 4543 1671 4621 ecclesiarum,

185 4651 461 4717 monasteriorum
507 4669 639 4717 necnon
684 4651 889 4736 prioratuum
936 4654 967 4717 et
1012 4651 1160 4718 locorum
1208 4651 1487 4729 conventualium,
1527 4651 1672 4716 virorum

185 4755 354 4822 dumtaxat
389 4757 526 4824 abbates
556 4758 710 4843 proprios
746 4775 805 4824 seu
842 4758 1031 4842 superiores
1067 4757 1118 4822 sui
1143 4757 1269 4823 ordinis
1302 4776 1370 4823 non
1400 4757 1611 4835 habencium,
1636 4775 1674 4823 ac

185 4863 417 4949 principalium
450 4863 651 4948 prelatorum
677 4882 736 4930 seu
767 4864 912 4949 capitum
944 4864 1098 4930 ordinum
1128 4882 1197 4929 non
1222 4863 1489 4929 mendicancium
1515 4881 1672 4948 quorum-

184 4988 317 5054 cunque
342 4970 375 5034 in
399 4968 597 5054 Aquilegen.
623 4971 655 5036 et
681 4969 826 5036 Graden.
852 4971 1124 5054 patriarchatibus
1141 4989 1179 5036 ac
1194 4969 1421 5036 Mediolanen.
1447 4969 1671 5043 Ravennatem

185 5076 295 5142 Pisan.
328 5079 360 5142 et
389 5076 530 5142 Januen.
556 5077 743 5142 civitatibus
773 5076 859 5142 dioc.
885 5079 916 5142 et
940 5077 1120 5162 provinciis
1151 5094 1281 5142 necnon
1314 5076 1348 5140 in
1380 5077 1529 5161 partibus
1553 5075 1673 5142 Tuscie.

185 5183 445 5250 consistencium
490 5182 530 5248 ad
570 5200 709 5267 presens
747 5186 977 5249 vacaturorum
1017 5185 1049 5248 et
1088 5201 1195 5267 usque
1234 5182 1275 5248 ad
1315 5182 1500 5260 biennium,
1540 5201 1559 5248 a
1597 5182 1673 5249 data

186 5292 395 5375 presencium
429 5289 702 5374 computandum,
737 5291 976 5369 vacaturorum,
1013 5287 1054 5354 ad
1084 5307 1226 5374 quorum
1263 5290 1426 5373 ragimina
1464 5289 1580 5374 prelati
1616 5308 1674 5374 per
