1023 1631
909 73 977 148 Ἴ

166 197 257 214 earundem
280 196 402 213 cathedralibus
425 196 441 213 et
464 196 559 218 collegiatis
582 196 684 213 secularibus
708 196 724 213 et
745 196 849 218 regularibus
871 195 914 213 tales

166 228 196 245 per
207 223 299 245 apostolice
321 223 366 239 sedis
388 222 514 244 providenciam
533 223 670 244 circumspectam
690 223 748 244 prelati
766 223 883 244 preiicerentur
898 223 915 239 et

166 251 243 270 rectores,
261 250 290 271 qui
308 250 357 266 nobis
370 250 385 266 et
397 249 433 266 sedi
449 249 523 271 predicte
540 249 600 266 fideles
617 250 705 266 existerent
723 250 740 266 et
755 249 811 266 devoti
823 254 842 266 ac
854 249 916 266 scirent

166 277 183 293 et
200 277 270 298 possent
287 276 351 293 eisdem
369 280 427 297 presse
444 276 504 293 utiliter
520 276 595 293 ecclesiis
610 277 627 292 et
642 276 729 297 prodesse,
745 276 777 292 biis
789 276 806 292 et
817 276 854 292 aliis
865 276 915 292 certis

166 303 221 320 causis
239 303 372 322 racionabilibus,
391 307 424 324 que
441 302 462 319 ad
480 303 514 319 hoc
531 303 606 319 nostrum
621 303 696 319 animum
709 302 814 322 induxerunt.
826 307 886 319 omnes
899 302 915 319 et

167 330 242 351 singulas
254 329 356 346 cathedrales
368 330 384 346 et
396 329 493 351 collegiatas
505 329 585 346 ecclesias
596 329 666 346 civitatis
679 330 696 346 et
709 329 782 346 diocesis
796 334 816 346 ac
829 329 915 350 provincie

167 356 267 378 Aquilegen.
279 361 309 377 per
324 356 410 373 biennium
426 356 535 377 prorogando
548 356 642 373 successive
654 360 708 377 usque
719 356 739 372 ad
749 356 825 373 instantis
834 355 915 372 kalendas

167 383 229 404 Aprilis
246 383 267 399 de
285 383 353 399 biennio
371 383 387 399 in
400 383 487 399 biennium
499 387 530 404 per
541 382 615 399 diversas
627 383 693 399 nostras
706 382 767 399 litteras
779 382 818 399 inde
830 382 915 399 coniectas

168 410 260 431 provisioni
268 410 325 426 nostre
333 410 349 426 et
357 409 402 426 sedis
410 409 486 426 eiusdem
498 409 595 426 auctoritate
607 409 699 430 apostolica
711 409 789 426 duximus
800 409 915 429 reservandas,

167 436 256 453 districtius
267 436 362 452 inhibentes
370 436 450 452 omnibus
459 437 475 452 et
483 436 560 457 singulis,
573 436 594 452 ad
605 440 649 457 quos
657 436 737 457 provisio,
746 436 810 456 electio,
820 435 915 457 postulacio

168 467 197 479 seu
215 462 274 484 quevis
293 463 324 479 alia
344 462 436 484 disposicio
454 463 562 479 ecclesiarum
581 463 654 483 ipsarum
672 463 713 479 alias
731 462 833 484 pertinebat,
855 467 876 479 ne
894 462 915 479 ad

529 145 550 159 66

168 489 288 511 provisionem,
300 489 404 509 electionem,
417 489 552 510 postulacionem
567 489 593 505 vel
611 489 660 505 aliam
679 489 789 510 predictarum
807 489 915 506 ecclesiarum

168 516 299 537 disposicionem
318 516 427 537 procederent
445 515 570 537 quoquomodo
583 520 601 532 ac
616 516 724 532 decernentes
742 517 802 532 extunc
820 516 881 532 irritum
899 516 916 532 et

168 543 222 561 inane,
241 543 255 559 si
272 547 320 559 secus
338 547 389 564 super
406 542 438 559 hiis
456 547 485 563 per
500 547 612 563 quoscunque
627 543 686 563 quavis
698 543 794 559 auctoritate
807 542 877 559 scienter
889 543 916 559 vel

168 569 264 590 ignoranter
281 569 385 590 contingeret
403 569 500 590 attemptari.
525 569 545 585 Et
559 569 628 590 insuper
639 569 724 585 voluimus
737 570 752 585 et
764 569 874 589 decrevimus,
886 573 916 590 per

168 596 229 612 litteras
246 596 338 612 novissime
356 596 475 612 reservacionis
493 596 509 612 et
528 596 654 617 prorogacionis
667 596 769 616 huiusmodi,
782 596 914 612 reservacionem

169 622 240 639 eandem
255 622 276 639 ad
292 622 374 639 seculares
389 623 405 639 et
417 622 501 643 regulares
514 623 547 639 tam
562 622 664 639 cathedrales
677 627 728 643 quam
740 622 834 639 abbaciales
846 623 863 639 et
875 622 916 639 alias

169 654 278 670 quascunque
298 649 402 670 collegiatas,
425 650 530 670 preterquam
550 649 648 665 monialium
672 651 688 665 et
711 649 780 665 aliarum
800 649 914 670 religiosarum

169 676 262 695 mulierum,
283 676 367 695 ecclesias,
385 677 471 697 exemptas
489 677 505 692 et
526 680 560 692 non
580 676 671 697 exemptas,
690 676 769 692 dictarum
793 676 864 692 civitatis
883 675 916 697 et¹)

169 702 241 719 diocesis
259 707 277 719 ac
295 702 384 723 provincie,
405 702 493 723 quibusvis
511 702 654 719 decimacionibus
669 702 705 718 aliis
717 702 763 719 iactis
776 707 826 723 super
837 702 869 719 hoc
881 707 915 719 non

169 729 280 748 obstantibus,
292 729 419 745 extendendam.
440 729 483 745 Cum
496 729 551 745 autem
564 729 645 745 terminus
657 729 714 745 ultime
727 729 846 745 reservacionis
859 729 916 745 huius-

170 755 216 772 modi
232 760 261 776 per
277 760 308 772 nos
320 755 362 772 iacte
374 756 434 772 instare
447 756 530 775 noscatur,
543 760 575 772 nos
587 755 650 772 eisdem
666 756 707 772 moti
722 755 888 772 consideracionibus
900 756 916 772 et

170 782 237 802 inducti,
250 782 386 802 reservacionem,
399 782 524 802 inhibicionem,
537 782 639 798 voluntatem
652 783 668 799 et
680 782 763 799 decretum
777 782 850 803 predicta
862 786 916 803 usque

171 808 191 826 ad
204 809 247 826 duos
259 813 313 826 annos
325 809 346 826 ab
359 809 422 826 eisdem
432 809 456 828 ΚΙ.
469 808 530 831 Aprilis
543 809 614 831 proximi
627 809 703 826 instantis
715 809 811 826 auctoritate
823 809 916 831 apostolica

169 837 227 853 tenure
240 837 350 858 presencium,
365 837 416 853 modo
434 838 450 853 et
462 836 516 853 torma
528 837 611 857 expressis
623 837 705 858 superius.
718 837 823 853 extendimus
835 837 851 853 et
863 837 915 853 eciam

170 867 287 884 prorogamus⁴
310 863 355 880 Nulli
367 868 408 885 ergo
421 864 450 880 etc.

223 894 285 910 Datum
297 894 379 911 Avinione
391 894 410 911 V.
423 894 455 911 kal,
467 894 529 915 Aprilis
542 899 556 910 a.
569 894 619 911 tercio
631 894 702 911 decimo.

224 925 262 941 item
270 925 286 941 in
293 925 352 942 eodem
360 925 412 942 modo
419 925 435 941 in
442 925 557 941 Mediolanen.
564 925 657 942 civitatibus
664 926 680 942 et
693 925 788 942 diocesibus
799 926 814 942 et
821 925 915 946 provinciis.

243 958 249 961 -
275 958 282 961 ,
423 959 429 966 2
442 952 514 968 Januen.

424 985 429 993 ς
444 978 499 995 Pisan.

424 1012 429 1019 2
444 1005 536 1023 Ravennat.

424 1040 429 1044 -
444 1031 519 1048 Graden.

203 1085 213 1101 ¹)
223 1085 262 1098 deest
271 1084 303 1102 Reg.
314 1084 343 1098 Vat.

532 1156 561 1176 13.

173 1187 204 1200 1331
216 1186 259 1200 Martii
270 1187 291 1200 27>

172 1209 204 1226 Regi
214 1209 244 1222 Vat.
254 1209 262 1222 t.
274 1209 299 1223 115
309 1209 331 1222 iol.
344 1209 368 1223 15⁰
378 1209 395 1223 11⁰
404 1209 434 1223 795.

398 1254 428 1274 Ad
442 1254 523 1274 futuram
539 1256 563 1274 rei
578 1256 694 1274 memoriam.

225 1294 302 1310 Dudum
326 1294 375 1311 circa
395 1295 466 1311 statum
490 1294 565 1315 parcium
585 1294 629 1310 italie
653 1294 739 1311 salubriter
761 1295 827 1311 auctore
847 1295 917 1311 domino

172 1320 277 1342 dirigendum
290 1320 398 1342 diligentibus
411 1321 470 1337 studiis
483 1321 589 1337 intendentes
602 1322 617 1337 et
629 1321 720 1342 cupientes,
737 1322 783 1343 quod
796 1322 812 1338 in
819 1322 830 1342 ¹)
843 1322 917 1338 ecclesiis

172 1347 245 1368 parcium
265 1347 338 1368 ipsarum
359 1347 481 1364 cathedralibus
501 1348 517 1364 et
536 1347 628 1368 collegiatis
651 1348 753 1365 secularibus
776 1349 791 1365 et
815 1348 918 1369 regularibus

172 1374 230 1395 prelati
255 1374 271 1390 et
295 1375 366 1391 rectores
392 1379 421 1395 per
446 1374 538 1395 apostolice
564 1374 609 1390 sedis
632 1374 756 1395 providenciam
782 1375 917 1396 circumspectam

172 1400 289 1422 preficereniur
306 1400 367 1421 idonei,
385 1401 413 1423 qui
432 1401 481 1419 nobis
499 1402 516 1419 et
532 1401 585 1419 eidem
606 1401 641 1419 sedi
660 1401 718 1419 iideles
737 1402 825 1420 existerent
843 1402 859 1418 et
877 1402 917 1425 ipsis
