3720 5932
907 294 950 353 30

182 498 400 563 continuos
439 517 457 563 a
495 499 564 564 tine
601 498 677 565 dicti
716 499 842 564 biennii
881 499 1127 565 numerandos“
1158 500 1363 584 prorogavit
1401 518 1476 565 cum
1516 518 1673 583 expressa

183 604 377 669 extensione
417 603 477 681 „ad
503 605 688 671 saeculares
721 607 752 670 et
783 605 952 690 regulares
985 608 1051 671 tam
1080 605 1283 672 cathedrales
1308 624 1409 690 quam
1435 606 1617 671 abbatiales
1635 609 1673 671 et

182 710 263 775 alias
287 728 518 794 quascumque
542 711 734 796 collegiatas
764 714 994 797 praeterquam
1024 713 1189 778 moniales
1218 715 1251 778 et
1278 712 1414 778 aliarum
1443 712 1672 796 religiosarum

182 817 356 882 mulierum
382 818 539 883 ecclesias
564 820 735 903 exemptas
760 820 791 883 et
815 837 884 884 non
908 821 1113 902 exemptas“.

288 940 376 1006 ldem
399 942 630 1008 reservationis
651 944 906 1008 instrumentum
928 942 1080 1008 traditum
1106 945 1156 1008 est
1180 943 1278 1016 etiam
1303 943 1428 1027 Legato
1453 941 1673 1008 Lombardiae

181 1064 256 1114 curn
282 1047 381 1112 simili
405 1049 599 1127 monitione,
632 1051 667 1114 ut
695 1049 740 1113 ibi
763 1050 889 1114 tantum
918 1048 1004 1115 dicta
1028 1049 1220 1133 prorogatio
1245 1048 1519 1134 promulgaretur,
1557 1049 1613 1113 ubi
1638 1048 1670 1112 id

185 1154 379 1239 „expedire“
406 1156 624 1242 cognovisset
639 1173 713 1221 cum
740 1153 857 1220 eadem
883 1156 1090 1240 obligatione
1114 1155 1274 1221 reddendi
1298 1156 1460 1221 rationem
1485 1155 1519 1220 in
1544 1156 1672 1240 scriptis

182 1260 223 1326 de
247 1261 331 1327 tacta
355 1262 592 1346 publicatione.

287 1386 350 1452 Die
367 1386 419 1451 29.
437 1387 546 1452 Martii
566 1386 684 1472 13271)
710 1386 797 1452 idem
815 1386 907 1471 Papa
922 1387 1096 1453 lohannes
1121 1388 1154 1452 in
1178 1388 1245 1453 iine
1270 1387 1358 1452 illius
1381 1387 1507 1453 biennii
1532 1388 1671 1472 primam

181 1494 438 1558 reservationem
456 1493 497 1558 de
515 1493 609 1559 dictis
625 1494 804 1578 provinciis
823 1513 867 1559 sc.
884 1494 1099 1559 Mediolan.
1122 1494 1334 1567 Ravennat.
1356 1494 1485 1559 Pisan.
1506 1494 1524 1560 J
1532 1512 1671 1559 anuen.

181 1598 430 1684 Aquilegien.
456 1599 624 1666 Graden.
649 1600 768 1665 tactam
796 1599 944 1676 „eisdem
966 1600 1311 1666 considerationibus“
1340 1602 1451 1666 motus
1479 1619 1606 1685 „usque
1630 1601 1672 1666 ad

181 1704 281 1771 duos
317 1725 442 1772 annos
468 1725 485 1771 a
510 1706 560 1776 Kl.
586 1705 708 1791 Aprilis
739 1707 881 1792 proximi
911 1707 1009 1771 luturi
1046 1724 1091 1771 ex
1125 1708 1218 1772 tunc
1253 1707 1519 1791 computandos“
1559 1707 1671 1791 quoad

181 1814 410 1878 extensionem
436 1832 455 1878 a
479 1814 584 1898 prima
608 1814 846 1898 prorogatione
871 1831 940 1878 non
965 1812 1130 1878 diversam
1155 1814 1295 1878 iterum
1321 1814 1554 1899 prorogavit.2)

284 1935 413 2003 Eodem
438 1936 542 2003 modo
567 1938 697 2022 scripsit
720 1937 892 2010 Romanus
916 1936 1070 2002 Pontilex
1099 1936 1141 2002 de
1176 1936 1403 2020 publicatione
1439 1936 1515 2003 dicti
1551 1938 1672 2004 decreti

181 2043 222 2109 ad
248 2043 407 2128 Legatum
432 2043 707 2123 Lombardiae,
733 2046 767 2109 ut
791 2043 879 2109 illam
906 2062 968 2109 suo
994 2043 1128 2108 arbitrio
1152 2043 1271 2108 taceret
1300 2043 1333 2107 in
1358 2043 1498 2122 civitate,
1524 2043 1671 2109 dioecesi

181 2152 213 2214 et
249 2150 419 2234 provincia
453 2149 628 2215 lanuen.
665 2150 894 2223 Ravennat.
929 2149 1160 2215 Mediolan.
1197 2151 1228 2214 et
1252 2149 1352 2214 simili
1378 2149 1481 2215 modo
1507 2150 1604 2214 etiam
1630 2151 1671 2214 ad

181 2257 341 2342 Legatum
373 2257 539 2323 Tusciae
570 2257 611 2323 de
643 2257 870 2342 publicatione
902 2258 935 2322 in
967 2255 1116 2322 districtu
1148 2255 1324 2329 Pisano,
1358 2256 1488 2341 utrique
1515 2255 1672 2339 imposita

182 2364 389 2448 obligatione
415 2363 575 2429 referendi
600 2383 701 2448 super
724 2364 788 2430 hoc
811 2365 844 2428 in
870 2364 1008 2448 scriptis.

285 2488 435 2554 Exeunte
462 2488 579 2554 ultiino
603 2489 742 2554 biennio
772 2488 826 2553 die
850 2488 903 2554 28.
928 2488 1038 2553 Martii
1067 2487 1184 2573 13293)
1209 2486 1297 2553 idem
1322 2487 1495 2561 Romanus
1518 2487 1672 2554 Pontifex

181 2593 302 2662 dictam
319 2595 576 2660 reservationem
596 2596 628 2659 in
646 2594 863 2680 patriarchatu
888 2593 1141 2679 Aquilegien.
1160 2597 1192 2660 et
1211 2593 1481 2661 Mediolanen.
1505 2596 1670 2660 tanuen.

180 2700 309 2768 Pisan.
346 2702 557 2774 Ravennat.
595 2704 627 2767 et
663 2701 831 2768 Graden.
869 2703 1049 2787 provinciis
1085 2702 1227 2767 iterum
1264 2702 1304 2767 ad
1341 2701 1442 2767 duos
1478 2720 1605 2767 annos
1630 2701 1671 2766 ab

182 2808 308 2875 eisdem
334 2809 383 2878 Kl.
409 2807 531 2894 Aprilis
556 2808 699 2894 proximi
731 2809 883 2874 instantis
907 2808 1155 2893 computandos
1184 2809 1377 2893 prorogavit
1406 2827 1481 2874 cum
1507 2808 1671 2875 antedicta

181 2917 402 2996 restrictione;
439 2915 471 2980 id
502 2914 594 3000 quod
619 2915 739 2980 eodem
765 2915 868 2982 modo
893 2916 1081 3001 iisdemque
1106 2915 1358 2981 conditionibus
1383 2918 1415 2981 et
1437 2934 1480 2980 ex
1505 2915 1671 2981 similibus

180 3023 301 3102 causis,
341 3024 374 3087 in
414 3021 603 3106 iisdemque
641 3023 810 3088 territoriis
848 3023 971 3089 lactum
1012 3026 1063 3089 est
1101 3021 1155 3087 die
1183 3022 1236 3088 27.
1260 3023 1368 3087 Martii
1396 3022 1513 3108 13314)
1550 3024 1582 3087 et
1618 3021 1671 3087 die

181 3129 233 3194 28.
257 3129 367 3195 Martii
395 3128 524 3214 1333.⁵)
1564 3133 1569 3142 ’

285 3254 379 3320 Circa
407 3273 486 3320 vero
516 3255 775 3325 reservationem
811 3255 1052 3322 beneficiorum
1089 3255 1143 3321 die
1174 3254 1224 3319 13.
1250 3253 1341 3338 Sept.
1369 3255 1453 3320 1319
1478 3272 1497 3318 a
1521 3252 1669 3337 praelato

180 3361 272 3445 Papa
287 3361 442 3427 lohanne
459 3361 493 3425 in
507 3361 655 3446 partibus
675 3361 843 3426 Tusciae
857 3364 889 3427 et
903 3361 943 3426 ad
961 3361 1173 3434 Romanam
1199 3360 1416 3426 Ecclesiam
1442 3360 1671 3444 spectantibus

243 3645 264 3712 1)
284 3645 349 3715 Reg.
369 3645 428 3698 Vat.
449 3646 466 3698 t.
489 3645 539 3699 114
558 3644 594 3697 n⁰
613 3636 665 3698 216
685 3645 786 3712 („Olim
806 3646 840 3699 ad
860 3645 995 3714 statum‘).

288 3732 356 3788 Cod.
376 3733 406 3788 B.
425 3733 470 3788 fol.
492 3734 605 3788 70-71.

288 3822 355 3877 cod.
375 3823 407 3876 V.
428 3821 472 3877 fol.
492 3822 535 3876 70.

289 3912 317 3967 P.
338 3911 391 3965 Vll.
412 3910 447 3965 11θ
468 3911 508 3977 10,
530 3911 570 3966 ll.

244 4016 266 4087 2)
285 4018 329 4072 Ad
349 4020 398 4072 has
417 4019 529 4072 Litteras
547 4017 720 4086 Apostolicas
740 4018 836 4070 melius
856 4017 1046 4088 intelligendas
1065 4020 1092 4071 in
1112 4019 1267 4070 memoriam
1287 4017 1456 4101 revocandae
1475 4019 1551 4070 sunt:

343 4106 410 4161 1327
429 4137 464 4145 —
483 4107 618 4176 expeditio
638 4106 768 4160 Ludovici
787 4105 907 4160 Bavarici
927 4109 952 4160 in
972 4107 1073 4160 ltaliam
1093 4106 1200 4159 directa.

343 4196 486 4250 13281an.
509 4196 549 4250 17.
569 4226 604 4234 —
623 4196 773 4264 assumptio
792 4195 901 4249 volenta
921 4209 1036 4248 coronae
1056 4194 1209 4264 imperialis.

343 4285 411 4339 1328
429 4285 530 4354 Aprlts
551 4285 591 4339 18.
611 4285 760 4337 —electio
779 4284 883 4339 Nicolai
902 4284 934 4337 V.
954 4283 1156 4352 pseudopapae.

245 4390 266 4458 Β)
286 4391 350 4461 leeg.
370 4390 430 4444 Vat.
449 4391 468 4444 t.
490 4389 539 4445 115
559 4390 604 4444 ‘cl
626 4390 659 4444 ‘30
679 4389 715 4442 n⁰
735 4389 787 4444 475
807 4390 911 4459 („Circa
931 4391 1067 4458 statum“).

289 4478 357 4534 Cod.
377 4479 407 4533 B.
427 4479 473 4533 tol.
493 4479 535 4534 11.

289 4568 358 4623 Cod.
378 4569 409 4622 V.
429 4567 475 4622 iol.
496 4568 539 4622 70.

287 4658 315 4712 P.
334 4657 388 4712 Vll.
408 4655 443 4711 n⁰
464 4656 503 4711 12.

242 4764 266 4832 4)
285 4765 350 4835 Reg.
369 4765 428 4817 Vat.
448 4766 466 4818 t.
489 4764 538 4818 116
557 4763 602 4818 tol.
625 4764 675 4818 160
693 4762 728 4817 n⁰
746 4761 797 4817 795
817 4761 959 4831 (,Dudum
979 4765 1046 4817 circa
1066 4764 1203 4829 statum“).

288 4852 357 4907 Cod.
376 4852 407 4906 B.
427 4852 472 4906 tol.
492 4852 534 4905 73.

289 4941 357 4995 Cod.
378 4941 409 4994 V.
429 4940 475 4995 iol.
495 4942 537 4994 71.

288 5031 316 5084 P.
336 5031 389 5084 Vll.
410 5029 445 5083 n⁰
465 5030 504 5084 13.

244 5137 267 5206 5)
286 5137 354 5191 Cod.
375 5137 403 5190 B.
424 5137 469 5190 lol.
489 5138 524 5191 76
543 5136 648 5205 (,Circa
667 5138 802 5203 statum“).

289 5225 358 5280 Cod.
377 5226 408 5279 V.
428 5225 474 5280 iol.
493 5226 535 5280 70.
630 5292 633 5299 1

289 5315 317 5370 P.
337 5314 390 5368 VII.
410 5313 445 5368 n⁰
466 5316 505 5369 14.
