3720 5932
175 1456 340 1541 Unicae
387 1457 679 1538 reservationis
721 1457 929 1568 generalis
976 1457 1026 1536 in
1073 1483 1273 1566 corpore
1319 1457 1435 1538 iuris
1481 1457 1669 1539 clausae

626 1653 854 1763 explicatio,
909 1663 1226 1752 (rabo—1305.)

288 2117 424 2250 Unica
450 2183 641 2256 Reservatio
665 2182 831 2267 generalis
856 2183 889 2248 in
914 2202 1079 2268 corpore
1104 2184 1201 2250 iuris
1224 2186 1361 2252 clausa
1387 2224 1432 2233 —-
1458 2185 1532 2251 licet
1558 2184 1670 2270 quoad

181 2308 346 2375 personas
380 2309 477 2356 cursu
513 2290 673 2374 temporis
710 2289 934 2356 diversimode
969 2294 1106 2357 extensa
1134 2291 1177 2356 sit
1210 2329 1254 2338 -
1289 2292 1471 2360 declaratur
1494 2291 1559 2371 illa,
1585 2310 1671 2375 quae

181 2397 294 2463 locum
311 2397 427 2463 habuit
444 2397 478 2461 in
495 2415 584 2476 casu,
603 2415 671 2481 quo
688 2395 826 2481 aliquod
839 2396 1040 2462 beneficium
1057 2398 1196 2463 vacabat
1212 2416 1312 2464 causa
1329 2398 1466 2465 mortis
1483 2398 1670 2464 beneficiati

183 2502 295 2589 apud
321 2503 469 2570 Sedem
486 2501 795 2587 Apostolicam.
844 2502 940 2583 Quae
957 2502 1094 2586 quidem
1112 2503 1386 2576 Reservationum
1402 2503 1671 2594 Apostolicarum

184 2611 316 2696 species
340 2611 483 2695 primunr
509 2629 527 2676 a
552 2609 725 2676 Clemente
761 2609 811 2674 lV.
847 2608 902 2674 die
926 2609 1048 2674 XXVII.
1079 2608 1164 2694 Aug.
1197 2609 1280 2676 1265
1305 2629 1364 2696 per
1388 2611 1525 2677 modum
1551 2611 1671 2677 decreti

182 2717 360 2802 generalis,
386 2717 478 2801 quod
503 2717 632 2801 incipit:
661 2716 770 2793 „Licet
793 2716 1057 2802 ecclesiarum“1)
1083 2716 1267 2783 introducta
1292 2721 1352 2783 est.

293 2841 367 2908 Hoc
391 2841 735 2926 decretum'pluribus
760 2840 801 2906 de
825 2841 935 2906 causis
959 2841 1094 2905 maximi
1119 2844 1169 2906 est
1193 2843 1365 2920 momenti.

292 2967 456 3052 Imprimis
481 2967 570 3032 enim
595 2967 629 3032 in
654 2966 742 3032 dicto
767 2967 874 3051 capite
898 2964 1080 3030 declaratur
1103 2965 1285 3050 plenariam
1310 2966 1566 3051 dispositionem
1591 2967 1674 3033 circa

185 3074 355 3154 ecclesias,
391 3074 582 3159 dignitates
619 3077 817 3159 personatus
849 3072 980 3157 aliaque
1011 3071 1174 3138 beneficia
1198 3073 1420 3139 ecclesiastica
1445 3074 1608 3157 pertinere
1632 3073 1673 3140 ad

186 3180 374 3253 Romanum
399 3181 595 3248 Pontificem
620 3182 674 3259 ita,
707 3183 742 3244 ut
766 3198 835 3246 non
861 3179 969 3245 solum
995 3178 1161 3244 eiusmodi
1193 3179 1354 3246 beneficia
1385 3181 1536 3246 vacantia
1567 3181 1675 3265 possit

187 3286 229 3353 de
255 3288 324 3354 iure
349 3288 496 3354 conferre
521 3287 579 3353 sed
606 3288 704 3352 etiam
730 3288 782 3352 ius
806 3287 948 3352 tribuere
973 3287 1006 3351 in
1031 3285 1114 3370 ipsis
1139 3287 1365 3351 vacaturis.

295 3412 373 3494 Quo
408 3413 477 3478 iure
512 3414 596 3478 circa
632 3412 770 3478 liberam
807 3411 957 3477 omnium
994 3411 1232 3477 beneficiorum
1268 3413 1371 3477 totius
1402 3413 1493 3478 orbis
1523 3413 1674 3479 catholici

183 3519 400 3586 collationem
415 3520 572 3598 stabilito,
583 3520 656 3603 ipse
665 3519 836 3592 Romanus
845 3518 999 3584 Pontifex
1012 3518 1053 3595 ad
1067 3519 1238 3602 antiquam
1252 3519 1385 3584 recurrit
1397 3516 1675 3585 consuetudinem

182 3626 380 3693 conferendi
405 3626 602 3712 ecclesias‚2)
639 3629 848 3710 personatus,
885 3625 1065 3710 dignitates
1090 3643 1127 3690 ac
1151 3625 1313 3692 beneficia
1353 3626 1489 3710 „apud
1525 3625 1675 3692 Sedem

255 3893 275 3963 1)
296 3919 328 3941 =
349 3912 370 3950 c.
390 3897 414 3950 2.
436 3896 470 3949 de
489 3896 580 3964 praeb.
600 3895 636 3949 lll.
656 3896 673 3949 4
692 3898 718 3948 in
738 3894 798 3948 Vl⁰.

297 4009 329 4030 =
350 3985 414 4054 Reg.
434 3980 493 4038 vat.
514 3986 531 4039 t.
552 3985 586 4038 32
605 3982 639 4037 n⁰
658 3985 717 4039 211.

296 4074 405 4128 Jordan.
445 4074 460 4127 l.
481 4090 502 4128 c.
523 4073 558 4126 n⁰
577 4074 629 4127 212
649 4073 717 4140 (sine
736 4074 829 4141 textu).

297 4163 427 4218 Potthast.
466 4163 530 4233 Reg.
550 4163 627 4217 Pont.
647 4161 682 4215 n⁰
703 4162 803 4217 19326.

297 4252 386 4307 Verba
406 4253 469 4306 dicti
489 4254 591 4320 capitis,
611 4254 690 4320 prout
709 4252 881 4304 inveniuntur
900 4253 926 4303 in
941 4251 1070 4320 Registris
1084 4251 1220 4305 Vaticanis
1240 4251 1320 4320 plane
1339 4250 1504 4304 concordant
1522 4265 1583 4304 cum
1602 4251 1675 4304 textu

192 4345 311 4410 corporis
325 4344 389 4395 iuris
403 4344 532 4407 canonici,
552 4344 603 4394 nisi
618 4340 692 4409 quod
706 4342 732 4393 in
746 4340 874 4410 Registris
889 4343 927 4393 sic
941 4340 1069 4410 legimus:
1093 4341 1258 4404 „statuimus
1279 4341 1307 4394 ut
1321 4340 1457 4404 ecclesias,
1477 4340 1679 4408 personatus

194 4429 340 4500 dignitates
360 4432 386 4484 ef
404 4431 537 4485 beneficia
558 4432 606 4484 etc.
627 4473 632 4483 .
654 4473 659 4483 .
680 4472 686 4484 .
706 4445 761 4483 non
780 4430 941 4498 praesumat.
979 4428 1079 4482 Datum
1098 4429 1199 4482 Perusii
1219 4428 1262 4483 Vl.
1300 4430 1342 4487 Kl.
1374 4428 1448 4497 Sept.
1467 4444 1490 4482 a.
1510 4429 1527 4483 l.

299 4519 340 4574 Cf.
363 4521 456 4574 etiam:

299 4609 393 4673 Eubel‚
413 4609 480 4664 Zum
499 4609 668 4679 papstlichen
687 4609 886 4668 Reseruations·
906 4607 961 4661 und
981 4608 1238 4662 Provisionswesen.
1268 4607 1343 4668 Rbm.
1375 4606 1557 4672 Quartalschr.
1577 4608 1595 4661 t.
1616 4607 1679 4662 Vlll.

193 4715 219 4768 p.
241 4698 291 4753 169
310 4713 369 4766 sqq.

300 4788 495 4842 Thomassinus
514 4790 530 4842 l.
551 4805 572 4843 c.
593 4789 621 4843 P.
641 4788 668 4842 ll.
688 4788 704 4841 l.
726 4789 747 4841 l.
768 4803 789 4842 c.
809 4787 852 4841 48.

300 4877 413 4946 Phillips
433 4878 448 4931 l.
469 4894 490 4931 c.
510 4878 542 4942 V,
562 4878 614 4932 499
633 4894 692 4947 sqq.

301 4967 450 5021 Hinschius
470 4967 486 5019 l.
506 4982 528 5020 c.
548 4967 590 5030 lV,
613 4967 662 5021 123
682 4982 740 5036 sqq.

204 5090 209 5115 ι
257 5055 278 5125 ²)
299 5056 415 5110 Nomine
432 5057 590 5119 „ecclesiae”
607 5057 659 5110 hoc
678 5057 739 5111 loco
758 5057 931 5125 episcopatus
944 5056 970 5109 et
989 5055 1110 5109 abbatias
1129 5069 1184 5108 non
1202 5053 1286 5109 fuisse
1299 5055 1509 5123 comprehensas
1529 5057 1581 5109 iarn
1604 5058 1681 5125 quasi

196 5149 347 5200 communis
368 5148 422 5200 erat
441 5147 582 5209 sententia,
602 5146 652 5199 etsi
672 5145 760 5198 adhuc
779 5145 849 5198 certe
868 5146 974 5214 probari
993 5159 1048 5197 non
1067 5144 1163 5212 potuit.

303 5235 344 5290 Cf.
364 5236 455 5290 Gloss
476 5234 510 5287 ad
528 5234 561 5289 V.
584 5233 784 5304 „dignitatumf

303 5326 416 5395 Phillips
435 5326 451 5378 l.
472 5340 493 5378 c.
513 5341 539 5394 p.
559 5323 611 5378 398
630 5338 690 5394 sqq.
