3720 5932
923 286 965 344 65

143 524 148 535 ·
198 493 460 560 reservacionem
481 491 662 577 predictam
682 477 839 558 duximus
852 511 911 577 per
924 494 1055 558 nostras
1068 494 1145 560 certi
1158 494 1284 561 tenoris
1297 493 1420 559 litteras
1430 494 1688 579 prorogandam.

199 599 297 679 Sane,
311 600 455 665 instante
468 617 557 665 nunc
569 599 637 666 iine
650 599 727 665 dicti
741 598 879 665 secundi
894 599 1031 679 biennii,
1044 618 1107 666 nos
1120 599 1248 665 eisdem
1263 600 1344 666 moti
1358 599 1690 667 consideracionibus

145 764 147 768 ,
199 709 230 773 et
260 704 397 785 inducti,
422 707 695 784 reservacionem,
724 705 964 772 inbibicionem
996 708 1028 772 et
1052 706 1204 772 decetum
1229 706 1376 791 predicta
1399 725 1507 792 usque
1532 707 1578 773 ad
1603 707 1690 774 duos

197 830 305 879 annos
345 831 364 878 a
403 812 454 884 Kl.
471 841 474 848 ¹
494 811 617 898 Aprilis
663 812 814 897 proxime
864 811 963 878 futuri
1010 814 1163 900 extuncq
1206 813 1453 899 computandos
1497 815 1689 881 auctoritate

197 918 383 1004 apostolica
406 921 522 985 tenore
546 918 755 1004 presencium
781 918 992 985 extendimus
1017 938 1055 986 ac
1079 920 1182 985 eciam
1200 938 1432 1005 prorogamus.
1472 920 1631 986 Volentes
1653 939 1691 987 ac

196 1023 425 1105 decementes‚
450 1026 714 1092 reservacionem
733 1025 840 1110 ipsam
865 1025 908 1091 ad
932 1026 1098 1092 seculares
1127 1030 1159 1092 et
1182 1027 1361 1115 regulares,
1389 1030 1456 1092 tam
1484 1027 1689 1093 cathedrales

197 1151 296 1217 quam
326 1132 516 1199 abbaciales
544 1151 582 1199 ac
606 1132 687 1198 alias
720 1150 938 1217 quascunque
966 1133 1170 1217 collegiatas‚
1196 1135 1404 1218 preterquam
1430 1133 1629 1199 monialium
1655 1137 1688 1200 et

195 1238 332 1305 aliarum
350 1238 582 1324 religiosarum
600 1238 787 1316 mulierum,
801 1239 969 1318 ecclesias,
987 1242 1159 1324 exemptas
1173 1241 1205 1304 et
1218 1258 1287 1305 non
1305 1243 1487 1324 exemptas
1514 1241 1688 1325 quibusvis

128 1349 132 1359 '
195 1344 483 1439 declaracionibus
527 1345 651 1411 nostris
693 1345 776 1410 alias
817 1345 912 1411 iactis
954 1364 1055 1431 super
1100 1346 1164 1412 boc
1209 1364 1422 1431 nequaquam
1463 1347 1688 1425 obstantibus,

196 1450 451 1540 extendendam.
497 1451 589 1518 Nulli
612 1468 694 1535 ergo
719 1453 779 1518 etc.
827 1451 950 1517 Datum
975 1451 1142 1518 Avinione
1162 1453 1213 1518 lV.
1239 1453 1301 1519 kal.
1326 1451 1448 1538 Aprilis
1473 1453 1688 1538 pontificatus

197 1558 303 1624 nostri
327 1577 355 1624 a.
380 1558 571 1625 undecimo.

139 1659 149 1677 ”
300 1665 379 1730 Item
408 1665 442 1730 in
470 1664 652 1749 Ravennat.
677 1665 866 1731 civitatibus
891 1667 923 1730 et
946 1665 1139 1731 diocesibus
1164 1683 1202 1732 ac
1225 1666 1416 1750 provinciis.

301 1771 379 1837 item
409 1772 442 1837 in
470 1771 580 1837 Pisan.
697 1851 700 1856 Ι
766 1799 778 1828 =

129 1876 609 1944 ³-mmmffl

299 1984 377 2050 Item
406 1985 439 2049 in
468 1983 667 2070 llquilegen.
767 2012 780 2042 ι

298 2091 375 2156 ltem
405 2091 439 2157 in
469 2090 614 2159 Graden.

256 2251 279 2317 ¹)
299 2251 438 2304 continue:
459 2249 525 2321 Reg.
545 2250 605 2304 Vat.

194 2525 260 2580 1327
280 2525 370 2580 naun
390 2527 432 2581 29.

191 2614 255 2686 aeg.
275 2613 335 2669 var.
354 2616 373 2670 t.
395 2615 446 2670 114
464 2614 500 2671 11⁰
518 2616 579 2671 217.

734 2742 875 2846 Legato
903 2742 1140 2822 Lombardie.

296 2882 402 2950 Olim
420 2883 466 2949 ad
484 2886 627 2950 statum
644 2858 791 2970 parcium
809 2885 898 2951 italie
916 2888 974 2952 etc.
990 2887 1149 2969 utsupra
1161 2884 1278 2951 verbis
1290 2886 1518 2970 competenter
1528 2887 1681 2951 mutatis

296 2989 462 3072 Quocirca
497 2990 692 3057 discrecioni
726 2993 781 3057 tue
817 3011 876 3077 per
904 2993 1090 3077 apostolica
1115 2992 1237 3076 scripta
1270 2993 1480 3072 mandamus,
1517 2994 1682 3077 quatenus

189 3115 248 3182 per
281 3099 313 3163 te
348 3097 401 3164 vel
436 3097 536 3163 alium
573 3117 632 3164 seu
668 3098 753 3164 alios
789 3099 822 3163 in
856 3099 938 3165 locis
974 3098 1194 3184 predictarum
1229 3099 1369 3165 civitatis
1403 3103 1435 3164 et
1466 3099 1612 3165 diocesis
1645 3119 1683 3166 ac

188 3204 361 3288 provincie
389 3204 570 3277 Ravennat.
596 3204 678 3270 inira
705 3207 761 3271 tue
791 3205 976 3290 legacionis
1000 3206 1162 3271 terminos
1190 3206 1464 3285 consistentibus,
1489 3205 1530 3270 de
1556 3207 1680 3290 quibus

187 3310 246 3377 tibi
281 3310 456 3390 videbitur,
492 3311 724 3377 extensionem
749 3314 780 3377 et
804 3313 1083 3397 prorogacionem
1119 3311 1283 3397 predictas
1308 3314 1339 3377 et
1363 3312 1427 3377 alia
1461 3315 1616 3379 contenta
1648 3314 1680 3378 in

189 3415 314 3483 eisdem
343 3416 467 3498 litteris,
502 3419 538 3483 ut
567 3418 679 3484 nullus
700 3422 850 3503 pretextu
875 3420 1068 3517 ignorancie
1091 3419 1244 3485 velamen
1268 3419 1497 3510 excusacionis
1521 3422 1680 3499 assumat,

188 3522 324 3590 studeas
337 3525 516 3609 publicare,
534 3524 688 3592 iaciendo
704 3525 745 3590 de
762 3526 995 3610 publicacione
1013 3526 1208 3592 huiusmodi
1224 3526 1295 3592 iieri
1312 3526 1445 3611 publica
1462 3527 1681 3593 instrumenta

88 3688 92 3696 .
189 3630 306 3696 horum
332 3631 450 3697 seriem
475 3632 694 3712 continencia,
727 3651 792 3717 que
817 3633 918 3700 nobis
943 3633 1070 3698 mittere
1095 3652 1165 3699 non
1189 3635 1387 3718 postponas.

294 3738 372 3803 ltem
403 3737 511 3805 eidem
544 3739 654 3824 legato
679 3740 713 3804 in
747 3739 867 3805 eodem
898 3739 1002 3806 modo
1034 3740 1226 3806 incivitate
1259 3758 1296 3807 ac
1327 3739 1412 3806 dioc.
1446 3743 1477 3806 et
1508 3741 1680 3825 provincia

994 3846 1136 3913 Januen.
1162 3847 1246 3913 sicut
1270 3847 1303 3912 in
1328 3846 1484 3912 secunda.

946 3980 957 4010 ε
990 3953 1169 4026 Ravennat.
1196 3951 1287 4041 (sic!)
1312 3955 1395 4020 sicut
1419 3955 1452 4019 in
1477 3954 1676 4020 executoria.

947 4088 958 4116 ε
989 4060 1217 4127 Mediolanen.

292 4183 371 4248 item
396 4183 508 4268 legato
532 4181 652 4249 Tuscie
680 4184 713 4249 in
749 4184 869 4252 eodem
896 4184 998 4250 modo
1024 4185 1057 4249 in
1081 4185 1211 4251 civitate
1236 4188 1294 4252 etc.
1320 4188 1352 4250 et
1372 4186 1542 4270 provincia
1559 4185 1672 4251 Pisan.

185 4288 270 4355 sicut
293 4289 326 4355 in
351 4290 539 4356 executoria
564 4292 690 4356 mutato
715 4291 854 4356 nomine
879 4290 990 4375 legati.

291 4396 366 4462 Dat.
391 4398 427 4461 ut
450 4395 567 4481 Supra.

186 4687 254 4743 1329
272 4688 360 4743 narra
380 4689 422 4743 aa.
912 4585 969 4662 12

185 4776 254 4833 Cod.
274 4776 303 4832 B.
323 4776 369 4832 iol.
390 4779 432 4832 71.

378 4919 461 5000 nna
489 4928 713 5026 prorogacio
743 4930 1042 5004 reservacionum
1072 4930 1108 5003 in
1138 4930 1340 5027 provinciis
1369 4925 1479 5003 ltalie.

632 5063 693 5145 Ad
721 5067 880 5145 iuturam
911 5072 960 5146 rei
991 5072 1224 5147 memoriam.

290 5206 400 5273 Circa
436 5209 578 5273 statum
614 5209 762 5293 parcium
787 5210 876 5276 italie
913 5209 1088 5277 salubriter
1120 5212 1253 5277 auctore
1289 5209 1429 5275 domino
1461 5208 1674 5294 dirigendum

181 5316 413 5381 convertentes
437 5312 564 5379 dudum
589 5313 698 5381 studia
726 5317 847 5382 mentis
871 5320 984 5383 nostre
1000 5319 1031 5383 et
1047 5319 1231 5403 cupientes,
1256 5318 1292 5382 ut
1308 5317 1341 5381 in
1359 5317 1507 5382 ecclesiis
1525 5318 1673 5402 parcium

1501 5441 1516 5492 ⁵
