3720 5932
927 328 945 386 5

830 413 1042 420 ——n-——a—-.—.

191 535 404 602 collationem
439 535 634 601 canonicam
671 552 847 619 supremus
872 534 1053 600 collatori.
1079 552 1107 599 e.
1154 531 1326 605 Romanus
1349 530 1503 596 Pontifex
1538 530 1681 596 exclusis

191 644 349 710 omnibus
374 642 585 707 inferioribus
609 642 823 709 collatoribus
847 642 930 707 forte
955 640 1227 707 concurrentibus
1252 639 1384 724 propria
1407 638 1599 703 auctoritate
1616 637 1680 703 sibi

325 752 334 793 l

191 748 364 935 &00³8ss
401 874 578 940 supremus
613 855 790 940 collator‚2)
827 854 867 919 ad
899 872 999 939 quem
1034 853 1180 938 plenaria
1216 851 1257 918 de
1281 852 1440 918 omnibus
1463 851 1566 916 totius
1590 850 1680 916 orbis

190 962 363 1028 beneficiis
388 962 621 1028 ecclesiasticis
638 961 818 1046 dispositio
836 962 905 1026 iure
922 961 1035 1027 nativo
1053 960 1203 1044 pertinet,
1228 962 1313 1025 certe
1330 977 1417 1024 unus
1442 960 1493 1024 est
1508 957 1680 1031 Romanus

190 1068 353 1147 Pontifex,
395 1069 451 1153 qui
489 1068 699 1152 amplissima
738 1086 776 1133 ac
806 1067 908 1133 libera
948 1086 1008 1133 sua
1039 1069 1203 1152 potestate
1239 1066 1277 1130 vi
1313 1066 1520 1150 primatus
1551 1064 1679 1141 iuris7

189 1175 400 1241 dictionis
437 1175 537 1240 utitur
560 1193 628 1240 non
653 1192 732 1240 vero
756 1175 788 1240 vi
813 1174 953 1240 alicuius
978 1173 1057 1239 iuris
1093 1171 1490 1250 consuetudinarii,
1527 1171 1680 1255 quamvis

192 1281 234 1347 ad
259 1280 340 1346 illud
371 1281 454 1346 forte
479 1281 531 1347 vel
556 1281 621 1366 ipsi
646 1281 787 1354 Romani
812 1279 992 1347 Pontifices
1018 1281 1114 1364 quasi
1139 1279 1180 1345 ad
1215 1280 1342 1344 fontem
1379 1277 1679 1344 secundarium

189 1384 393 1473 recurrant.³)
440 1386 503 1453 Cui
535 1388 620 1453 thesi
651 1390 778 1453 tantum
805 1388 992 1472 perfectam,
1025 1386 1237 1471 inaequalem
1270 1403 1402 1451 necnon
1434 1385 1678 1450 monarchicam

188 1494 462 1560 constitutionem
477 1494 644 1560 Ecclesiae
658 1492 851 1561 Catholicae
868 1496 1031 1578 negantes
1052 1493 1220 1559 incassum
1237 1492 1423 1577 frustraque
1440 1491 1678 1558 contradicunt.

190 1601 238 1665 Ex
263 1603 379 1665 natura
404 1601 494 1666 enim
519 1601 626 1684 ipsius
651 1600 812 1685 primatus
841 1619 997 1684 suprema
1021 1602 1053 1664 et
1078 1600 1177 1684 plena
1201 1599 1242 1664 de
1268 1599 1439 1665 beneficiis
1465 1599 1535 1663 sive
1560 1598 1679 1669 officiis

191 1706 424 1773 ecclesiasticis
455 1706 634 1791 dispositio
666 1708 699 1772 in
717 1707 864 1773 Ecclesia
880 1705 1052 1772 Catholica
1082 1707 1154 1772 sine
1182 1705 1286 1772 dubio
1312 1705 1433 1771 residet
1459 1705 1492 1770 in
1522 1723 1679 1789 supremo

189 1816 322 1897 pastore
346 1814 366 1878 i.
393 1831 421 1878 e.
448 1814 481 1879 in
509 1813 662 1886 Romano
687 1812 860 1879 Pontifice.
909 1813 943 1879 Si
968 1832 1048 1897 ergo
1078 1813 1152 1898 quis
1189 1813 1235 1877 uti
1271 1812 1482 1898 Hinschiusf)
1519 1830 1558 1877 ex
1585 1812 1679 1877 factis

189 1938 278 1986 mere
305 1920 520 1986 historicis
545 1921 596 1986 ius
615 1920 798 2005 plenarium
816 1919 958 1993 Romani
975 1918 1148 1986 Pontificis
1171 1920 1255 1986 circa
1278 1919 1415 1985 liberam
1441 1917 1678 1984 beneficiorum

188 2027 402 2093 collationem
429 2045 471 2092 eo
496 2026 599 2093 modo
617 2027 781 2093 deducere
803 2026 923 2105 studet,
948 2030 984 2092 ut
1007 2027 1072 2093 ius
1096 2025 1527 2094 consuetudinarium
1550 2026 1677 2089 tantum

186 2133 304 2198 fonte
315 2153 347 2198 m
362 2136 523 2218 agnoscat
536 2135 739 2218 primariu
752 2153 801 2212 m,
816 2152 856 2199 ex
869 2152 937 2218 quo
951 2134 1025 2218 ipsa
1038 2134 1108 2198 iura
1119 2134 1280 2218 primatus
1292 2132 1471 2217 profluunt,
1483 2133 1568 2196 certe
1579 2131 1678 2196 etiam

186 2239 282 2305 facile
297 2243 328 2305 et
341 2240 636 2324 consequenterad
646 2240 830 2306 secundum
845 2258 987 2306 errorem
1001 2240 1175 2306 adducitur
1183 2258 1305 2324 nempe
1315 2239 1356 2305 ad
1370 2240 1455 2304 hanc
1468 2238 1678 2315 sententiam,

186 2346 303 2412 eadem
335 2347 503 2431 generalia
528 2349 598 2413 iura
627 2348 798 2433 pontificia
823 2366 881 2433 per
909 2347 1089 2435 contrarias
1113 2347 1374 2413 consuetudines
1408 2345 1622 2411 rationabiles
1647 2346 1679 2409 et

185 2452 334 2537 legitime
348 2455 567 2539 praescriptas
581 2454 716 2520 radici
726 2457 794 2520 tus
808 2442 998 2520 abolescere
1012 2473 1124 2539 posse,
1139 2453 1171 2518 id
1186 2453 1277 2538 quod
1291 2453 1465 2518 manifeste
1479 2451 1678 2518 contrarium

246 2593 269 2662 1)
289 2594 332 2648 De
365 2595 519 2649 discrimine
547 2596 615 2648 inter
643 2598 853 2650 reservationem
885 2598 912 2650 et
945 2610 1045 2650 meram
1083 2595 1254 2650 affectionem
1292 2594 1432 2649 cuiusdam
1469 2592 1595 2647 beneficii
1631 2606 1679 2660 per

184 2685 383 2753 appositionem
414 2699 509 2737 manus
532 2683 643 2744 Romani
669 2685 808 2739 Pontificis
839 2685 935 2739 factam
972 2685 1005 2740 cf.
1037 2685 1134 2739 Wemz
1158 2685 1174 2738 l.
1201 2700 1223 2738 c.
1271 2684 1393 2752 Gasparo
1424 2683 1459 2735 de
1484 2682 1594 2735 Perusio
1613 2681 1629 2734 l.
1655 2696 1677 2735 c.

184 2787 211 2840 p.
242 2771 317 2826 1310.
355 2772 469 2826 Carolus
501 2772 664 2842 Gagliardus
688 2774 704 2827 l.
729 2789 751 2827 c.
771 2773 788 2827 1.
817 2789 839 2828 c.
863 2773 888 2828 5.
926 2774 1065 2828 Praeterea
1097 2775 1123 2827 in
1155 2775 1275 2843 registris
1306 2773 1486 2833 Romanorum
1517 2769 1677 2825 Pontificum

185 2861 285 2914 saeculi
299 2861 362 2916 xlll.
377 2863 404 2915 et
417 2861 482 2915 XIV.
496 2865 542 2915 vix
555 2862 636 2915 ullam
650 2864 773 2916 invenies
787 2863 1005 2923 Reservationem
1018 2863 1204 2931 Apostolicam
1223 2865 1281 2916 sive
1291 2862 1445 2933 generalem
1465 2863 1523 2914 sive
1533 2859 1678 2928 specialem

184 2951 243 3002 sine
256 2949 379 3013 ,decreto
391 2951 521 3003 irritante“
535 2951 578 3015 ita,
590 2951 618 3004 ut
632 2949 756 3005 effectu
771 2952 913 3006 iuridico
926 2967 1021 3005 omnes
1033 2951 1417 3020 Reservationesllpostolicae
1428 2966 1442 3003 a
1454 2964 1525 3003 mera
1535 2947 1678 3002 affectione

185 3038 259 3092 nullo
288 3038 370 3092 modo
399 3038 531 3093 differant.
569 3039 639 3093 Nam
667 3040 834 3109 temporibus
863 3040 1005 3095 antedictis
1034 3043 1086 3094 iarn
1111 3042 1138 3093 in
1167 3042 1225 3109 ipsa
1253 3040 1458 3109 supplicatione,
1488 3042 1514 3092 in
1543 3037 1677 3091 audientia

185 3125 297 3181 Summo
316 3127 439 3181 Pontifici
459 3129 629 3198 porrigenda,
659 3131 735 3197 quasi
756 3144 788 3183 ex
808 3132 868 3197 ipso
888 3130 960 3198 stylo
980 3128 1076 3183 Curiae
1095 3130 1153 3183 sine
1182 3130 1342 3197 exceptione
1370 3128 1556 3182 continebatur
1583 3126 1677 3194 petitio

185 3231 233 3285 pro
252 3216 377 3270 addenda
397 3217 515 3270 clausula
534 3233 571 3271 sc.
595 3233 670 3281 ,cum
689 3220 880 3286 acceptatione,
901 3218 1068 3282 inhibitione,
1083 3218 1191 3272 decreto
1208 3219 1273 3271 etc.“
1296 3217 1395 3287 quibus
1407 3218 1497 3270 verbis
1511 3215 1679 3270 insinuantur

185 3304 320 3358 clausulae
340 3307 471 3359 irritantes
490 3321 527 3360 sc.
551 3306 711 3370 ,districtius
725 3307 892 3361 inhibentes“
909 3309 958 3361 etc.
979 3309 1006 3361 et
1027 3307 1219 3370 ,decernentes
1233 3321 1265 3360 ex
1279 3321 1350 3360 nunc
1363 3307 1463 3359 irritum
1477 3306 1503 3359 et
1517 3307 1611 3359 inane“
1627 3305 1676 3357 etc.

246 3392 268 3461 ²)
289 3392 330 3448 Cf.
351 3395 497 3459 Laemmer,
518 3395 573 3449 lnst
601 3386 627 3449 d.
647 3395 725 3453 Kath.
745 3395 952 3454 Kirchenrechts
971 3412 997 3464 p.
1020 3397 1077 3451 167.

290 3482 436 3554 Cavagnis‚
463 3484 525 3538 Inst.
544 3484 598 3538 Jur.
618 3484 694 3538 Publ.
715 3484 784 3539 Eccl.
804 3485 831 3539 P.
855 3485 883 3539 ll.
908 3500 934 3539 n.
957 3486 999 3540 31.
1038 3485 1131 3555 Suppl.
1151 3486 1185 3540 ad
1204 3485 1420 3548 Thomassinum,
1449 3484 1534 3538 Vetus
1553 3484 1580 3537 et
1598 3483 1676 3537 Nova

183 3571 321 3625 Ecclesiae
340 3572 483 3640 disciplina
503 3587 528 3641 q.
549 3573 565 3627 1.
586 3589 611 3627 n.
634 3573 674 3627 19.
713 3573 862 3628 Considera
881 3576 961 3628 etiam
981 3575 1062 3628 verba
1082 3577 1167 3643 ipsius
1181 3573 1329 3629 Clementis
1342 3574 1391 3627 PP.
1405 3573 1448 3627 Vl.
1468 3573 1502 3627 ad
1522 3571 1676 3626 Eduardum

183 3660 300 3731 Angliae
320 3660 422 3732 Regem
443 3660 550 3726 directa,
571 3676 640 3730 quae
659 3677 692 3716 ex
712 3664 786 3731 parte
805 3663 848 3717 hic
867 3665 1051 3732 apponuntur:
1071 3679 1121 3717 sc:

294 3750 427 3812 ,Attende
447 3765 556 3819 quoque
576 3753 662 3819 ipsam
682 3752 831 3816 ecclesiam,
859 3755 936 3806 cuius
955 3753 1080 3821 pastorali
1101 3755 1224 3823 regimini
1244 3753 1308 3805 licet
1332 3753 1432 3805 meritis
1452 3748 1676 3807 insufficientibus

181 3840 376 3907 praesidemus,
402 3854 457 3892 non
477 3840 510 3893 ab
529 3839 678 3907 Apostons,
704 3840 752 3894 sed
772 3841 806 3894 ab
831 3843 891 3910 ipso
910 3841 1030 3895 Domino
1049 3841 1188 3896 Salvatore
1207 3842 1299 3895 nostro
1318 3841 1461 3908 primatum
1481 3854 1563 3907 super
1581 3852 1676 3892 omnes

184 3928 277 3982 mundi
308 3929 435 3982 ecclesias
459 3929 589 3982 obtinere.
627 3928 686 3997 lpse
716 3929 826 3998 quidem
855 3930 930 3983 solus
959 3931 1073 3984 candem
1102 3929 1226 3984 fundavit
1254 3930 1403 3993 ecclesiam,
1432 3929 1537 3982 dicente
1557 3927 1676 3980 Domino

181 4017 271 4071 Petro:
309 4009 360 4070 Tu‘
383 4032 416 4071 es
447 4017 565 4070 Petrus
597 4019 626 4071 et
658 4033 756 4086 super
787 4019 870 4072 hanc
901 4019 1029 4072 Petram
1060 4017 1251 4074 aedificabo
1282 4018 1460 4072 ecclesiam
1492 4033 1602 4071 meam.
1640 4017 1677 4071 Et

183 4106 414 4175 quodcumque
435 4106 598 4175 ligaveris
618 4122 717 4176 super
736 4109 867 4172 terram,
891 4109 952 4161 erit
972 4108 1111 4178 ligatum
1131 4109 1162 4161 et
1186 4110 1216 4160 in
1241 4107 1360 4161 coelis:
1388 4108 1420 4160 et
1443 4107 1676 4175 quodcumque

182 4195 327 4249 solveris
359 4210 458 4263 super
488 4196 606 4249 terram
638 4196 702 4249 erit
732 4196 879 4249 solutum
911 4198 943 4250 et
974 4199 1005 4249 in
1036 4198 1156 4260 coelis,
1186 4198 1212 4250 et
1236 4211 1316 4264 super
1335 4198 1437 4266 petram
1456 4196 1520 4251 fidei
1540 4197 1676 4250 nascentis

181 4286 272 4338 erexit.
309 4285 371 4339 Non
391 4287 463 4338 enim
478 4287 590 4353 quaevis
603 4286 706 4339 terrena
720 4287 861 4350 sententia,
882 4286 931 4339 sed
945 4286 1012 4340 illud
1026 4286 1153 4350 Verbum,
1173 4301 1220 4354 per
1240 4286 1313 4354 quod
1327 4288 1502 4340 constitutum
1516 4288 1557 4340 est
1570 4286 1675 4340 coelum

182 4375 208 4428 et
239 4374 315 4438 terra,
344 4389 391 4443 per
411 4374 485 4442 quod
516 4374 635 4443 denique
663 4376 807 4428 constituta
838 4377 901 4428 sunt
931 4378 1021 4429 omnia
1053 4376 1193 4438 elementa,
1229 4376 1343 4430 eandem
1375 4375 1521 4434 Romanam
1552 4374 1676 4429 fundavit

182 4462 332 4527 ecclesiam,
353 4478 422 4532 quae
437 4463 547 4532 quidem
566 4478 662 4517 omnes
676 4464 872 4532 patriarchales,
893 4465 1114 4533 metropolitanas
1134 4466 1159 4518 et
1178 4464 1346 4518 cathedrales
1365 4465 1493 4518 ecclesias
1512 4465 1539 4517 et
1557 4466 1675 4533 ipsarum

182 4551 327 4605 cuiuslibet
354 4551 456 4606 ordinis
485 4552 643 4623 dignitatem
672 4555 797 4607 instituit:
831 4553 865 4606 ad
893 4557 969 4607 cuius
1000 4555 1135 4622 pastorem
1164 4554 1190 4607 et
1215 4555 1344 4607 rectorem
1384 4554 1521 4617 ecclesiae,
1549 4553 1676 4606 videlicet

182 4640 332 4700 Romanurn
349 4640 506 4695 Pontificem
526 4644 672 4696 omnium
687 4642 917 4706 ecclesiarum,
936 4644 1150 4714 dignitatum,
1166 4641 1368 4707 officiorum,
1386 4644 1417 4696 et
1431 4641 1675 4696 beneficiorum

181 4730 494 4783 ecclesiasticorum
513 4731 661 4799 plenaria
686 4730 867 4800 dispositio
891 4734 1009 4785 noscitur
1033 4733 1166 4800 pertinere
1186 4774 1191 4786 .
1212 4774 1218 4785 .
1239 4774 1244 4786 .
1265 4732 1430 4801 (Raynaldus
1457 4731 1576 4785 Annales
1605 4730 1674 4784 Eccl.

181 4818 224 4873 ad.
245 4833 268 4874 a.
291 4818 358 4873 1344
378 4817 413 4872 n⁰
431 4818 486 4885 55.)

240 4906 267 4974 ⁴³)
287 4907 334 4961 Ex.
354 4922 392 4978 gr.
414 4923 435 4962 c.
455 4908 479 4962 2.
500 4908 535 4962 de
553 4908 644 4978 praeb.
664 4908 702 4963 ΙΙΙ.
722 4910 738 4962 4
758 4911 784 4964 in
804 4909 864 4964 Vl⁰.

242 4995 265 5065 ⁴)
286 4997 302 5050 l.
322 5012 344 5051 c.
364 4996 380 5050 1.
400 5011 426 5065 p.
449 4997 499 5051 196
518 5012 582 5066 sqq;
602 4997 641 5052 111.
662 5013 687 5066 p.
711 4997 760 5052 113
780 5014 839 5068 sqq.

288 5085 390 5140 Auctor
408 5085 533 5140 laudatus
553 5086 602 5153 (ΙΙΙ.
622 5101 648 5155 p.
665 5086 724 5156 ll5)
746 5087 864 5156 disputat
884 5088 918 5141 de
937 5089 989 5142 hoc
1008 5091 1064 5143 iure
1083 5103 1210 5158 supremo
1230 5089 1258 5149 R.
1272 5087 1395 5143 Pontifici
1415 5091 1524 5157 proprio
1544 5090 1620 5157 quasi
1640 5087 1675 5141 de

182 5175 273 5244 aliquo
293 5174 374 5229 ficto
393 5190 448 5229 non
467 5176 581 5243 probato
601 5176 787 5246 (angebliches
806 5177 928 5231 oberstes
948 5177 1212 5249 Resetzungsrecht).

289 5263 330 5318 Cf.
359 5266 439 5318 etiam
467 5265 570 5319 Munch
599 5265 615 5318 1.
635 5280 657 5318 c.
677 5281 703 5333 p.
724 5265 758 5319 70
786 5265 986 5334 (,anmassende
1015 5267 1162 5321 Verfahren
1191 5268 1239 5321 der
1267 5266 1347 5321 Curie
1374 5267 1547 5323 uumittelbar
1575 5269 1601 5320 in
1630 5267 1675 5321 die

182 5351 372 5409 Wirksamkeit
392 5354 439 5409 der
459 5354 677 5425 lokalgewalten
697 5355 918 5426 einzugreifem).
