1023 1631
839 73 978 112 v-

511 151 534 166 Μ

150 203 289 225 preficiendorurn
308 203 325 220 in
343 203 368 220 eis
386 204 443 220 contra
457 203 590 220 reservacionem
602 203 676 219 nostram
689 202 786 219 huiusmodi
798 203 897 224 presumant

149 229 239 252 procedere
251 229 374 251 quoquomodo
385 234 405 247 ac
416 229 526 246 decernentes
538 230 568 246 etc.
581 242 584 246 .
597 242 600 246 .
614 242 617 246 .
629 229 729 251 attemptari.
751 229 798 246 Nulli
811 233 852 250 ergo
864 229 895 246 etc.

202 265 264 282 Datum
276 265 359 282 Avlnione
370 265 409 282 VIII.
421 265 459 282 idus
471 265 520 282 Febr.
532 270 547 281 a.
559 265 618 286 primo.

181 353 192 372 ι)
202 354 266 367 facientes
276 353 298 372 (uz
308 354 324 368 v.

181 377 192 394 ΙΙ)
202 376 259 390 fidenter
269 376 290 394 m:
300 376 318 392 V;
328 376 397 390 fidelitatis
406 384 423 386 -
433 376 465 394 neg.
476 376 505 390 vat⁴

181 398 192 416 ¹)
202 399 277 416 disponens
287 398 309 416 (l):
319 398 338 415 V;
348 399 447 416 disposiciones
456 406 473 408 —
483 398 516 416 Reg.
526 398 556 412 Vat⁴

507 505 539 525 31.

152 554 186 568 1³43
195 554 228 568 Mali
237 554 246 568 5

149 576 182 594 Reg.
192 576 221 590 Vat.
232 576 240 590 t.
251 576 277 590 214
286 576 309 590 iol.
320 576 360 590 18t⁴⁰
370 576 388 590 n⁰
398 576 418 590 16.

374 643 404 663 Ad
418 644 498 663 futuram
514 644 539 663 rei
555 644 670 663 memoriam.

200 693 249 709 Dum
263 693 334 709 statum
347 692 484 709 miserabilem
497 692 552 709 insule
564 692 625 712 Sicilie,
643 697 676 713 que
692 692 759 713 propter
771 692 897 708 inobediencias

150 720 166 736 et
178 724 256 736 excessus
269 719 369 740 nephandos
381 719 436 736 varios
448 720 504 735 contra
518 719 611 737 Romanam
629 719 715 735 ecclesiam
734 718 796 735 ibidem
810 718 896 735 interdicto

150 746 262 763 ecclesiastico
281 746 365 762 subiacere
384 750 402 762 ac
420 746 448 762 diu
466 746 571 762 subiacuisse
583 746 662 765 noscitur,
675 746 735 762 mentis
748 745 801 762 oculis
814 745 897 762 intuemur

150 773 205 789 eidem
217 777 263 789 more
276 773 345 794 paterno
357 773 468 794 compatimur
480 772 512 794 piis
528 772 616 789 desideriis
628 772 729 791 affectantes,
742 772 788 793 quod
800 777 829 793 per
841 777 896 788 verarn

150 800 266 817 obedienciam
278 800 294 817 et
306 799 436 817 satisfactionem
456 799 530 817 debitam
542 804 552 815 a
564 799 599 815 suis
617 799 684 815 relevari
703 799 785 821 periculis,
801 799 897 821 opprobriis

151 828 166 844 et
178 827 199 843 ad
212 828 272 843 statum
290 827 338 848 dirigi
354 832 451 848 prosperum
470 828 565 843 mereretur.
589 826 631 843 Cum
644 827 699 843 autern
716 827 783 848 propter
795 827 825 843 hec
837 828 853 843 et
865 827 896 843 alia

150 855 204 871 cetera
221 854 303 875 premissa
320 854 420 875 diligencius
438 853 540 870 attendenda
558 855 671 875 opportunum
685 853 775 870 admodum
789 853 896 873 existimetur,

151 880 197 902 quod
210 881 226 897 in
239 881 313 897 ecclesiis
326 881 412 902 presertim
425 880 549 897 cathedralibus
561 881 591 897 etc.
604 893 607 896 .
621 893 624 896 .
638 893 641 896 .
654 881 733 901 speretur.

202 916 244 936 Nos,
257 916 289 933 hiis
302 917 318 932 et
330 916 367 933 aliis
379 916 434 932 causis
443 916 519 932 honestis
532 916 547 932 et
559 916 689 932 racionabilibus
701 916 775 932 animum
789 917 863 932 nostrum
876 916 897 932 ad

151 943 167 960 id
174 943 287 962 moventibus,
298 943 416 959 nonnullorum
428 943 565 964 predecessorum
576 944 671 959 nostrorum
678 943 791 961 Romanorum
798 943 896 964 pontificum

151 970 168 986 in
180 970 210 986 hac
223 970 268 991 parte
286 970 361 990 vestigiis
377 970 488 989 inhaerentes,
504 970 611 991 provisiones
623 971 639 986 et
651 970 775 991 disposiciones
793 970 869 986 omnium
882 970 897 986 et

151 997 254 1018 singularum
276 996 448 1017 archiepiscopalium,
469 996 591 1017 episcopalium
610 997 626 1012 et
645 996 770 1017 collegiatarum
790 996 897 1013 ecclesiarum

151 1028 216 1040 necnon
231 1023 342 1043 abbaciarum,
355 1023 493 1039 monasteriorum
507 1024 524 1039 et
535 1023 637 1044 prioratuum
650 1023 785 1039 conventualium
797 1023 896 1044 regularium

151 1051 167 1067 et
176 1050 279 1069 secularium,
294 1050 409 1071 exemptorum
422 1050 438 1066 et
450 1054 484 1066 non
497 1050 618 1071 exemptorum,
631 1054 675 1066 nunc
687 1050 783 1066 vacancium
796 1051 812 1066 et
820 1050 837 1066 in
849 1050 897 1066 antea

150 1079 264 1093 vacaturarum
281 1077 322 1093 inira
337 1076 397 1093 dictam
415 1076 486 1093 insulam
502 1077 639 1096 consistencium,
656 1077 672 1093 in
687 1076 775 1097 quibusvis
791 1076 849 1097 prelati
867 1081 897 1093 seu

151 1105 222 1120 rectores
244 1104 367 1120 consueverunt
390 1108 419 1124 per
438 1103 537 1119 electionem
558 1103 626 1123 assumi,
646 1104 706 1119 extunc
725 1104 741 1119 et
761 1103 829 1124 quocies
849 1108 897 1119 casus

150 1130 245 1147 vacacionis
258 1130 342 1146 emerserit
354 1134 408 1151 usque
420 1130 441 1146 ad
454 1130 541 1146 biennium
554 1135 563 1146 a
576 1130 628 1151 prima
637 1130 663 1146 die
675 1130 720 1146 Junii
730 1130 806 1151 proximo
816 1130 897 1149 instantis,

151 1162 185 1178 quo
197 1157 312 1173 terminabitur
326 1158 393 1178 tempus
409 1157 529 1173 reservacionis
545 1161 574 1178 per
589 1156 642 1173 felicis
654 1157 776 1173 recordacionis
789 1157 897 1173 Benedictum

151 1188 212 1205 papam
220 1183 252 1199 Xll.
262 1183 397 1204 predecessorem
410 1184 485 1199 nostrum
498 1183 539 1199 olim
548 1183 569 1199 cle
578 1183 610 1199 illis
618 1183 660 1199 tacte
669 1183 685 1199 in
698 1184 746 1199 antea
759 1183 897 1204 computandum,

152 1210 202 1227 nobis
222 1211 238 1226 et
257 1210 292 1226 sedi
316 1210 408 1231 apostolice
429 1210 526 1226 auctoritate
555 1210 648 1231 apostolica
668 1214 776 1226 reservamus.
811 1210 898 1226 Universis

151 1237 263 1256 ecclesiarum,
282 1237 388 1253 abbaciarum
401 1236 430 1252 etc⁴
444 1249 447 1252 .
461 1249 464 1252 .
477 1249 481 1252 ⁴
494 1237 593 1257 attemptari.
618 1236 695 1253 Ceterum
714 1237 792 1253 volumus
810 1237 825 1253 et
842 1237 897 1253 nostre

152 1263 252 1280 intentionis
270 1263 329 1282 existit,
348 1263 393 1284 quod
410 1263 506 1282 reservacio,
526 1263 606 1279 inhibicio
624 1264 640 1280 et
658 1263 741 1280 decretum
760 1263 857 1280 huiusmodi
877 1263 897 1279 ad

152 1290 252 1306 monasteria
267 1290 365 1306 monialium
378 1290 394 1306 et
406 1289 474 1306 aliarum
491 1290 606 1311 religiosarum
620 1290 707 1306 mulierum
720 1291 735 1306 et
747 1290 768 1306 ad
781 1290 859 1306 ecclesias
872 1290 897 1306 vel

152 1317 234 1338 prioratus
246 1321 280 1333 non
292 1316 412 1333 conventuales
424 1321 454 1333 seu
467 1321 538 1337 quorum
551 1316 618 1336 fructus,
631 1316 704 1333 redditus
717 1317 732 1333 et
743 1318 833 1337 proventus
846 1317 896 1333 annui

152 1348 234 1359 summam
248 1343 370 1364 quinquaginta
379 1343 479 1359 florenorum
492 1343 527 1359 auri
536 1343 628 1360 secundum
637 1348 744 1359 communem
754 1343 896 1360 existimacionem

152 1374 186 1386 non
199 1370 285 1389 excedunt,
299 1370 393 1386 nullatenus
405 1370 519 1386 extendantur.
543 1370 587 1386 Nulli
601 1374 641 1391 ergo
654 1371 684 1386 etc.

204 1405 265 1422 Datum
278 1405 361 1422 Avinione
374 1406 396 1422 Illv
410 1410 449 1422 non⁴
462 1405 502 1422 Maii
516 1410 530 1421 a.
543 1406 602 1426 primo.
