1023 1631
516 144 536 158 56

153 195 264 216 promovendi
280 195 355 216 ternpore
371 195 483 216 promotionis
500 195 599 211 huiusmodi
617 195 749 216 obtinebunt¹⁸);
767 199 834 211 necnon
850 195 900 211 etiam

153 226 197 243 quae
216 226 245 243 per
262 222 385 238 assecutionem
404 222 490 243 pacificam
509 226 650 243 quorumcunque
667 221 776 243 prioratuum,
794 221 901 242 dignitatum.

153 249 279 270 personatuum,
296 248 396 267 officiorum.
414 248 542 265 canonicatuum
559 249 575 265 et
590 248 727 269 praebendarum,
740 247 872 269 ecelesiamm¹⁹)
884 248 901 264 et

153 275 272 292 beneficiorum
290 275 360 291 aliorum
378 279 408 296 per
423 279 455 291 nos
472 275 499 291 vel
517 274 590 291 eundem
607 274 690 291 Joannem
705 274 851 296 praedecessorem
869 279 900 291 seu

152 301 249 318 auctoritate
263 301 346 318 literarum
363 302 456 318 nostrarum
468 301 495 318 vel
507 301 562 323 ipsius
573 301 644 318 Joannis
656 301 789 323 praedecessoris
801 301 899 318 collatorum

152 329 169 345 et
180 328 318 345 conferendorum
337 328 353 344 in
372 328 462 349 posterum,
480 333 526 345 nunc
539 328 615 345 vacantia
633 329 649 344 et
661 328 677 344 in
690 328 738 345 autea
750 329 832 348 vacatura,
849 328 900 349 plena

152 359 203 376 super
226 355 323 376 praemissis
346 355 426 372 omnibus
449 355 465 371 et
484 355 557 376 singulis
576 359 614 371 curn
631 355 709 371 iratribus
728 355 790 371 nostris
809 351 899 371 collatiorie

152 381 248 403 praehabita
266 382 282 398 et
300 382 363 398 matura
382 381 503 398 deliberatione
521 382 583 402 secuta,
607 381 714 401 ordinationi,
732 381 865 403 dispositioniw)
883 381 899 397 et

152 408 245 430 provisioni
263 409 335 428 nostrae,
353 408 415 430 (donee
433 408 546 425 miserationis
564 408 631 425 divinae
648 408 736 425 clementia
754 413 786 425 nos
800 408 899 424 universalis

152 435 232 452 ecclesiae
253 435 330 456 regimini
354 435 448 456 praesidere
471 435 585 456 concesserit)
606 435 627 451 de
646 435 721 456 ipsorum
740 435 808 451 fratrum
827 435 899 451 consilio

152 462 248 478 auctoritate
266 461 363 483 Apostolica
381 466 490 481 reservamus,
510 461 619 478 decernentes
639 466 660 478 ex
679 462 719 478 tunc
736 462 798 478 irritum
816 462 832 478 et
849 461 899 478 inane

151 488 165 505 si
173 493 221 505 secus
230 493 281 510 super
290 488 386 510 praemissis
394 489 410 505 et
418 488 494 509 quolibet
502 492 560 504 eorum
571 492 600 509 per
608 492 719 509 quoscunque
731 488 791 509 quavis
803 488 899 505 auctoritate

151 515 222 531 scienter
239 515 265 532 vel
283 515 380 536 ignoranter
396 515 485 536 contigerit
503 515 584 534 attentari,
602 519 637 531 non
649 515 756 531 obstantibus
769 515 898 536 quibuscunque

150 542 299 558 constitutionibus
317 546 326 558 a
345 541 502 563 praedecessoribus
522 541 603 559 Romanis
614 541 725 558 Pontificibus
743 541 797 561 editis,
815 543 898 562 quatenus

151 568 233 585 obsistere
245 569 316 590 possent
328 573 378 589 super
389 568 468 584 enarratis
479 568 553 584 articulis
564 568 591 584 vel
603 568 651 584 alicui
664 568 699 584 sive
707 568 792 589 aliquibus
800 568 897 585 eorundem.

150 594 196 612 Nulli
214 599 254 616 ergo
272 595 343 611 omnino
361 595 448 611 hominum
467 594 516 611 liceat
527 594 570 611 hanc
582 595 661 616 pag-inam
673 595 740 611 nostrae
752 595 869 611 reservationis
881 596 897 611 et

150 622 276 638 constitutionis
285 621 374 643 iniringere
386 621 412 638 vel
424 621 440 637 ei
452 625 494 637 ausu
506 621 594 638 temerario
607 621 693 638 contraire.
717 621 734 638 Si
747 621 784 642 quis
797 622 852 637 autern
865 622 897 638 hoc

150 649 229 665 attentare
246 648 381 669 praesumpserit,
397 647 531 669 indignationem
548 648 670 669 omnipotentis
681 648 713 664 Dei
726 648 742 664 et
754 648 840 664 beatorum
853 648 895 664 Petri

150 675 166 691 et
178 674 225 691 Pauli
237 675 357 696 Apostolorum
369 675 405 691 eius
418 679 436 691 se
448 675 514 691 noverit
526 675 635 691 iucursurum⁴

203 706 265 722 Datum
282 705 366 722 Avinione
378 706 401 722 111.
414 706 452 722 Idus
467 705 566 726 Januariifl)
584 705 693 722 Pontiiicatus
711 706 763 722 nostri
781 710 826 722 anno
842 706 895 727 primo

176 790 193 807 ιε)
203 789 304 803 obtinebunt
311 790 422 807 quovismodo
428 790 443 803 tn
451 790 536 807 posterum
543 791 620 804 vacatura
626 794 679 803 necnon
685 798 703 799 j
710 790 742 807 Rog.
749 790 792 804 Aven.
798 798 814 799 e
820 790 896 803 obtinerent

149 812 241 830 quovismodo
250 812 275 826 etc,
285 812 302 829 Bt
312 812 328 827 v.

176 835 335 852 ¹⁹)etecc1esiaruni
345 839 362 849 ac
372 835 494 849 beneficiorum
503 843 522 845 —
532 835 565 853 Reg.
575 835 619 849 Aven

202 858 289 871 eccleslarum
298 861 313 871 ac
323 857 426 871 beneficiorum:
437 858 453 874 57
464 858 480 871 V.

175 879 192 897 ω)
202 884 220 893 ac
228 888 247 889 j
256 880 288 897 neg.
298 880 342 893 Avari

175 902 193 918 ¹¹)
203 902 252 919 reliqua
263 902 303 916 verba
313 902 362 916 desunt
372 910 389 912 —
398 902 431 920 Reg.
441 902 485 916 Aven.
