1023 1631
524 133 545 148 02
892 73 976 157 -r

162 183 290 205 providendum,
302 184 381 205 idemque
390 184 447 201 Pasok
458 184 517 201 litteris
529 184 627 206 apostolicis
639 189 690 206 super
701 184 798 201 huiusmodi
810 184 909 206 provisione

162 210 247 230 contectis.
272 211 362 232 antequam
387 211 515 232 possessionem
535 211 633 228 eorumdem
658 211 767 228 canonicatus
786 211 803 228 et
821 210 910 232 prehende

162 237 221 254 fuisset
232 237 310 258 adeptus»,
327 237 372 254 viam
383 237 432 254 tuerit
443 238 488 254 extra
500 237 572 254 eandem
587 238 648 254 curiam
661 238 738 254 universe
750 238 804 254 camis
815 238 909 259 ingressus,

163 264 179 280 et
198 264 289 280 secundum
312 264 392 285 premissa
415 264 523 281 canonicatus
543 265 559 281 et
578 264 663 285 prebenda
685 264 753 285 predicti
772 264 827 281 adhuc
849 269 909 281 vacare

163 291 258 310 noscantur.
276 290 366 312 nullusque
383 291 437 312 preter
448 295 480 307 nos
492 291 524 308 hac
535 291 571 307 vice
583 291 604 307 de
616 291 649 307 illis
666 291 756 312 disponere
768 291 840 312 potuerit
851 296 909 312 neque

162 317 221 338 possit,
241 317 361 337 reservacione‚
380 317 494 334 declaracione
511 318 528 334 et
544 317 614 334 decretis
626 318 747 334 obsistentibus
765 318 848 339 predictis.
871 318 909 334 Nos

162 343 239 360 volentes
250 344 285 363 tibi,
298 344 314 360 in
326 343 401 365 Ungarie
413 344 429 360 et
435 344 506 361 Polonie
519 344 581 366 Regnis
593 344 637 361 dicte
651 344 696 361 sedis
708 345 775 364 nuncio,
788 345 909 366 premissorum

164 370 259 387 meritorum
279 370 338 387 intuitu
358 371 430 392 graciam
448 371 501 388 tacere
522 371 617 392 specialem,
635 371 752 387 canonicatum
772 371 788 387 et
805 371 908 393 prebendam

163 396 246 418 predictos
259 397 283 413 sic
294 398 372 414 vacantes
384 402 421 414 cum
434 397 539 419 plenitudine
555 398 594 414 iuris
606 398 682 414 canonici
695 402 714 414 ac
725 398 804 414 omnibus
817 398 880 415 iuribus
893 398 909 414 et

163 424 270 444 pertinenciis
290 424 324 440 suis
344 424 437 445 apostolica
456 424 486 440 tihi
505 424 602 441 auctoritate
621 424 722 441 conterimus
735 425 751 441 et
766 424 787 441 de
803 424 835 441 illis
855 425 908 441 eciam

163 450 276 471 providemus,
294 450 408 470 decernentes,
427 451 477 472 prout
492 451 518 467 est
532 451 593 467 irritum
610 451 626 467 et
638 451 692 470 inane¹
711 451 724 467 si
741 456 789 467 secus
807 456 857 472 super
876 451 908 467 hiis

163 481 172 493 a
185 481 276 498 quoquam,
289 477 348 498 quavis
360 477 461 497 auctoritate,
474 478 545 494 scienter
555 478 581 494 vel
591 478 687 499 ignoranter
694 478 809 499 attemptatum
818 478 874 494 forsan
883 478 909 494 est

163 503 243 520 hactenus
254 504 280 520 vel
293 504 380 525 contigerit
395 504 505 525 imposterum
524 504 620 525 attemptari.
652 504 691 520 Non
709 504 815 521 obstantibus
828 505 857 521 etc.
871 517 874 521 .
887 517 891 521 .
905 517 908 521 .

208 543 211 546 ,
228 530 269 546 illud
278 531 347 551 prestes.
369 530 407 551 Seu7
421 531 467 552 quod
483 531 500 547 in
511 530 619 547 Cracoviensi
628 532 644 547 et
652 530 749 547 Gneznensi
763 536 782 547 ac
794 531 810 547 in
819 531 908 551 Ticulensi,

163 556 268 573 Colociensis
277 557 354 577 diocesis,
366 557 474 574 canonicatus
486 558 502 574 et
512 557 608 578 prebendas
616 558 632 574 et
641 558 657 574 in
666 557 709 574 dicta
718 557 824 574 Cracoviensi
833 558 908 574 ecclesiis

163 583 265 600 scolastriam
278 584 352 600 nosceris
364 584 444 600 obtinere.
466 584 512 600 Nulli
525 589 565 605 ergo
578 584 607 600 etc.

216 614 277 631 Datum
290 615 373 631 Avinione
385 615 416 631 kal.
428 615 474 631 =Iunii
486 620 500 631 a.
514 616 578 632 octavo.

216 646 233 662 In
252 646 312 662 eodem
332 646 384 662 modo
404 656 426 658 ἠ
445 646 515 663 Dilectis
534 646 573 663 tiliis
590 659 609 662 .<
623 659 626 662 .
643 646 728 667 preposito
749 646 823 663 Ariensis
843 647 874 663 et.
888 659 891 663 .
905 660 908 663 .

163 671 280 689 archidiacono
292 672 408 689 cracoviensis
419 673 526 689 ecclesiarum
535 677 553 689 ac
566 686 569 689 .
579 686 582 689 .
592 686 595 689 .
608 673 675 689 officiali
684 673 791 689 Cracoviensi
799 673 869 690 salutem
878 673 908 690 etc.

216 703 278 720 Datum
291 704 308 720 ut
320 708 375 725 supra,

522 783 552 803 29.

164 810 198 825 Cudv
208 810 222 824 Β.
232 810 255 824 f01.
266 810 295 824 114.

179 856 294 878 Decernitur,
310 857 413 875 reservacio
427 856 468 882 (sic)
482 856 555 875 domini
569 856 660 876 „Iohannis
674 857 751 881 perinde
765 856 826 876 valere
841 862 862 876 ac
876 857 891 876 si

374 887 432 906 littere
446 893 503 912 super
518 893 538 906 ea
553 887 600 906 facte
613 887 696 907 fuissent*

388 922 418 942 Ad
433 923 512 942 futuram
529 924 553 942 rei
568 924 684 942 memoriam.

217 963 299 979 Dudum
314 963 387 979 felicis
403 963 565 979 recordacionis
582 963 669 979 Johannes
684 968 728 984 papa
740 963 786 980 ΧΧΙΙ,
801 963 910 984 predecessor

164 990 221 1006 noster
236 989 324 1006 intendens
333 989 354 1005 de
365 989 450 1006 beneficiis
463 990 585 1009 ecclesiasticis,
598 994 631 1011 que
643 990 728 1011 quondam
740 990 782 1006 Ar.···
792 990 804 1011 ¹)
817 990 909 1009 Costolani.

164 1016 255 1033 canonicus
270 1016 413 1037 Foroliviensisss),
425 1017 464 1032 tunc
481 1016 563 1037 temporis
581 1016 672 1036 obtinebat,
692 1021 729 1033 curn
749 1017 777 1033 illa
796 1017 909 1038 quovismodo

164 1048 221 1059 vacare
239 1043 347 1064 contingeret,
365 1047 395 1064 per
409 1043 501 1064 apostolice
522 1043 567 1059 sedis
587 1043 711 1064 providenciam
728 1043 809 1063 ordinare,
828 1043 910 1060 beneficia

164 1070 206 1091 ipsa,
232 1070 271 1086 dum
297 1069 351 1086 adhuc
376 1069 420 1086 idem
443 1069 492 1085 Ar}¹¹²⁵
508 1070 565 1090 ageret
583 1070 599 1086 in
619 1070 702 1090 humanis,
726 1075 745 1087 ea
768 1070 809 1089 vice,
833 1070 909 1086 videlicet

164 1096 214 1113 nonis
232 1097 274 1117 junii
294 1096 400 1117 pontificatus
418 1096 511 1117 eiusdem³)
530 1096 653 1117 predecessoris
666 1101 711 1113 anno
726 1097 803 1118 septimo,
821 1097 909 1113 collacioni

165 1124 180 1139 et
186 1123 296 1144 disposicioni
305 1127 334 1139 sue
341 1128 360 1139 ac
368 1123 413 1139 sedis
420 1123 492 1144 predicte
503 1123 597 1144 specialiter
609 1124 702 1143 reservavit,
715 1124 803 1140 districtius
816 1123 908 1140 inhibendo

164 1150 187 1166 illi
199 1150 225 1166 vel
238 1149 275 1169 illis,
288 1149 308 1166 ad
321 1154 371 1171 quem
380 1150 406 1166 vel
418 1149 438 1165 ad
455 1154 498 1170 quos
516 1150 590 1171 ipsorum
607 1150 726 1166 beneficiorum
743 1150 817 1169 collacio,
835 1150 909 1171 provisio

164 1177 190 1193 vel
209 1176 268 1197 quevis
285 1176 317 1192 alia
335 1176 427 1197 disposicio
444 1176 532 1197 pertineret
550 1177 661 1193 communiter
679 1177 705 1193 vel
725 1177 797 1196 divisim,
810 1181 830 1193 ne
843 1176 864 1193 de
877 1177 909 1193 illis

165 1204 221 1220 contra
228 1203 359 1219 reservacionern
369 1203 422 1224 ipsam
432 1203 522 1224 disponere
531 1205 645 1224 presumerent
654 1203 799 1224 quoquomodoac
804 1203 909 1220 decernendo

165 1231 225 1246 extunc
248 1230 310 1246 irritum
333 1230 349 1246 et
368 1230 423 1248 inane,
443 1229 456 1245 si
477 1234 526 1245 secus
545 1234 595 1250 super
614 1230 646 1246 hiis
666 1235 695 1251 per
714 1234 830 1251 quoscunque,
850 1230 909 1251 quavis

165 1257 271 1276 auctoritate,
294 1256 365 1272 scienter
388 1256 413 1272 vel
436 1256 533 1277 ignoranter
555 1256 658 1277 contingeret
677 1257 774 1278 attemptari.
809 1256 845 1273 Nos
865 1261 909 1276 vero,

166 1284 183 1299 ut
195 1283 215 1299 de
228 1283 269 1304 ipsis
282 1283 400 1302 reservacione,
414 1283 517 1299 inhibicione
529 1284 545 1299 et
557 1283 623 1299 decreto
635 1285 710 1300 constare
723 1284 781 1304 posset
793 1283 809 1299 in
819 1285 909 1304 posterum,

166 1310 186 1326 de
204 1311 288 1331 oportuno
301 1309 374 1326 remedio
388 1309 473 1331 providere
488 1310 570 1329 volentes,
586 1310 678 1331 apostolica
691 1310 786 1326 auctoritate
799 1310 909 1329 decernimus,

140 1354 143 1357 Δ
166 1337 302 1356 reservacionem,
316 1336 435 1353 inhibicionem
448 1337 463 1352 et
476 1336 560 1353 decretum
573 1336 644 1357 predicta
658 1337 726 1357 perinde
734 1337 788 1353 valere
801 1341 819 1353 ac
832 1337 845 1353 si
857 1337 909 1353 littere

166 1364 234 1385 predicti
252 1363 375 1385 predecessoris
393 1367 443 1384 super
461 1363 581 1380 reservacione,
600 1363 702 1379 inhibicione
720 1364 735 1379 et
753 1363 819 1380 decreto
832 1363 909 1384 predictis

165 1390 207 1406 tacte
224 1391 240 1406 et
258 1390 311 1411 ipsius
329 1390 374 1406 hulla
392 1389 453 1405 bullate
465 1389 536 1405 tuissent
554 1390 570 1406 et
588 1390 633 1411 quod
646 1391 731 1411 presentes
744 1390 796 1406 littere
809 1390 829 1406 ad
842 1390 909 1411 plenam
