1023 1631
148 189 215 211 publice
226 189 309 206 nuncietis
321 190 338 206 et
349 194 379 212 per
394 190 436 207 alios
448 190 523 207 nunciat-i
539 190 603 206 faciatis
615 190 632 207 et
643 189 664 206 ab
676 189 756 206 omnibus
769 189 820 206 artius
832 189 897 210 evitati,

148 216 203 233 donec
214 215 289 238 predicto
297 216 361 233 decano
369 221 419 238 passa
431 216 491 233 iniuria
498 216 602 236 huiusmodi,
611 216 703 234 iuramento
711 221 721 233 e
729 220 813 233 consensu
821 215 896 238 prestitis

149 247 168 259 ac
174 243 302 260 renunlcaclone
308 247 338 264 per
346 243 427 260 decanum
432 242 752 265 etobligacionepercivespredictos,ut
758 242 896 264 preiertur,tactis

148 273 255 291 nequaquam
278 270 389 290 obstantibus,
413 274 445 291 que
470 270 538 291 quidem
560 270 652 286 iuramento
670 270 686 286 et
703 274 787 286 consensu
805 269 895 286 relaxanda

149 297 165 313 et
171 297 300 313 renunciacione
309 296 367 313 decani
374 297 391 313 et
399 296 507 318 obligatione
517 296 578 313 civium
589 296 699 318 predictorum
708 296 802 313 revocanda
809 296 894 316 duximus,

149 323 232 345 predictos
236 323 342 345 octingentos
348 323 422 340 florenos
429 323 450 340 de
456 323 509 343 scuto,
515 324 532 340 ut
537 323 639 345 premittitur,
643 322 866 340 solutosrestituerintetillis
873 322 895 339 de

149 350 213 367 iniuriis
232 350 287 366 eidem
307 350 371 367 decano
391 350 467 371 irrogatis
486 350 596 367 satistacerint
613 351 727 371 competenter
745 350 762 366 et
782 354 820 366 cum
835 349 895 366 litteris

148 377 208 394 vestris
220 377 243 393 rei
258 377 344 394 veritatem
356 377 482 393 continentibus
494 377 516 393 ad
528 377 618 398 predictam
630 377 687 394 sedem
699 377 775 393 venerint
789 376 894 396 absolvendi,

149 404 165 420 et
177 404 218 420 alias
230 403 361 420 constituciones
373 403 484 425 provinciales
497 403 609 420 Colonienses
621 404 678 420 contra
690 404 776 420 invasores
790 403 866 424 captores
878 403 896 419 et

149 430 243 447 detentores
259 435 278 447 ac
292 430 391 451 spoliatores
409 430 504 447 clericorum
518 431 533 447 et
545 435 653 451 personarum
672 430 819 447 ecclesiasticarum
836 434 894 446 eorum

148 457 199 474 terras
218 457 234 474 et
253 457 290 473 loca
309 457 362 473 editas
381 457 444 473 faciatis
465 457 583 474 inviolabiliter
602 457 691 474 observari.
715 456 850 473 Contradictores
862 457 893 473 etc.

202 483 263 500 Datum
276 483 358 500 Avinione
370 483 393 500 Illi
406 488 446 500 non.
459 483 545 500 Februarii
557 488 572 500 a.
585 484 636 500 sexto.

149 585 182 599 13⁵1
192 585 225 599 oea
235 586 247 600 5,
505 559 537 579 44'

148 607 183 622 004,
192 608 207 621 Β.
217 608 240 621 fol.
251 608 280 622 139.

382 644 486 665 Revocacio
500 645 657 664 reservacionurn.

232 679 322 700 Clemens
336 681 437 705 episcopus
451 680 484 699 etc.
514 679 544 699 Ad
558 680 638 699 futuram
653 681 678 699 rei
692 681 808 699 memoriam.

201 719 319 741 Apostolice
327 720 381 736 sedis
390 720 520 741 providencia
529 720 647 741 circumspecta
653 724 775 741 nonnunquam
782 720 858 736 ordinata
865 724 895 741 per

149 751 186 763 eam
204 747 270 763 revocat
282 747 298 763 et
310 747 406 766 commutat,
418 748 467 768 prout
484 747 592 763 varietatibus
609 747 703 768 temporum
719 747 735 763 et
746 746 894 763 commoditatibus

149 773 254 790 subditorum
272 773 361 794 diligenter
379 773 445 790 attentis
463 773 479 790 id
498 774 581 795 conspicit
598 773 685 790 salubriter
702 774 718 790 et
735 773 796 790 utiliter
810 773 893 794 expedire.

150 799 200 821 Sane,
217 804 255 817 cum
268 800 328 817 multas
346 800 469 818 reservaciones
487 800 508 818 de
524 800 650 818 canonicatibus
662 801 678 817 et
690 800 781 822 prebendis
792 801 826 817 tam
839 800 893 817 cathe-

149 827 219 844 dralium
232 832 283 848 quam
295 828 419 849 collegiatarum
432 828 539 844 ecclesiarum
553 828 569 844 et
581 828 617 844 aliis
630 828 715 844 beneficiis
728 828 843 844 ecclesiasticis
856 832 893 844 cum

149 859 187 871 cura
205 855 220 871 et
238 854 274 871 sine
286 859 324 871 cura
337 855 353 871 in
366 855 436 871 diversis
448 854 506 871 mundi
520 855 594 876 partibus
606 855 743 874 consistentibus,
756 855 861 871 intendentes
873 854 894 871 de

149 881 186 901 iuis,
199 886 236 897 curn
248 882 330 901 vacarent,
339 886 368 902 per
376 881 419 898 dicte
432 881 480 898 Sedis
489 881 614 902 providenciam
627 881 705 901 ordinari,
717 886 754 897 cum
763 881 894 902 interposicione

149 907 210 924 decreti
222 908 318 924 duxerimus
327 908 397 924 diversis
410 908 503 924 successive
512 908 577 924 vicibus
589 908 679 927 iaciendas,
691 913 728 927 nos.
741 913 761 924 ex
773 908 821 924 certis
833 908 893 928 causis,

150 939 183 956 que
200 934 221 951 ad
239 934 255 951 id
274 935 348 951 nostrum
367 935 441 951 anirnurn
460 934 565 954 induxerunt,
584 939 643 951 omnes
662 935 784 951 reservaciones
797 935 894 951 huiusmodi

149 961 201 978 tactas
218 961 239 977 de
257 962 383 978 canonicatibus
401 962 417 978 et
435 962 525 982 prebendis
544 966 562 978 ac
580 962 666 978 beneficiis
679 962 783 983 supradictis,
798 962 819 978 de
832 962 894 982 quibus

149 988 225 1004 nondun-1
237 988 341 1009 providimus
354 993 383 1004 seu
396 988 512 1004 mandavimus
526 988 613 1009 provideri,
626 988 722 1004 auctoritate
731 989 824 1009 apostolica
836 989 894 1004 tenore

149 1015 253 1036 presencium
272 1019 369 1031 revocamus
388 1015 459 1036 illasque
471 1015 552 1036 deinceps
564 1015 626 1031 nullius
638 1019 675 1031 esse
688 1015 793 1031 decernimus
806 1015 893 1031 firmitatis.

148 1041 230 1058 Volumus
242 1042 298 1058 tamen
316 1042 441 1058 revocacionem
457 1042 531 1058 nostram
545 1041 641 1058 huiusmodi
654 1041 673 1058 ad
687 1042 781 1063 dignitates,
794 1043 894 1063 personatus

149 1068 165 1084 et
182 1069 237 1084 curata
260 1068 315 1085 officia
333 1068 461 1089 quomodolibet
478 1073 514 1084 non
532 1068 603 1084 extendi.
638 1068 683 1084 Nulli
701 1073 740 1089 ergo
753 1069 783 1085 etc.
818 1068 836 1085 Si
856 1069 894 1089 quis

149 1095 204 1111 autem
217 1095 246 1111 etc.

202 1121 263 1138 Datum
275 1121 358 1138 Avinione
371 1121 408 1138 Vlll.
421 1122 459 1138 idus
471 1122 569 1138 Decembris
582 1122 689 1143 pontificatus
702 1122 753 1138 nostri
766 1126 779 1138 a.
793 1122 863 1138 decimo.

150 1223 183 1237 1³52
193 1224 236 1237 Martii
248 1224 268 1237 n.
504 1197 536 1217 45¹

149 1245 183 1259 eod.
193 1246 208 1259 n,
217 1246 240 1259 rol.
252 1246 324 1259 ras-140.

279 1291 387 1310 Declaracio
401 1297 458 1316 super
472 1292 595 1311 revocacione
610 1292 764 1310 reservacionum*

233 1326 322 1346 Clemens
337 1328 437 1352 episcopus
452 1328 485 1346 etc.
515 1326 545 1346 Ad
560 1327 639 1346 futuram
655 1328 679 1346 rei
694 1328 809 1346 memoriam.

202 1367 278 1383 Dudum
285 1367 377 1383 videlicet
383 1367 439 1383 &idus
446 1367 539 1383 decembris
547 1367 623 1388 proximo
629 1367 700 1388 preteriti
705 1371 764 1383 omnes
770 1367 893 1383 reservaciones

149 1394 201 1410 iactas
217 1398 246 1415 per
261 1398 293 1410 nos
309 1393 329 1410 de
345 1394 471 1410 canonicatibus
487 1394 503 1410 et
520 1394 609 1415 prebendis
621 1394 654 1410 tarn
667 1393 785 1410 cathedralium
798 1395 814 1410 et
826 1394 893 1410 aliarum

510 138 532 153 „„
759 73 975 185 ’π

972 193 974 201 <
