1023 1631
509 153 544 168 10⁶

153 209 214 223 omnes
225 204 307 224 nazar-os.
324 204 419 226 patarenos.
436 209 521 227 pauperes
532 205 554 222 de
565 204 654 226 Lugduuo,
665 204 775 225 Arnaldistas,
786 204 900 226 Spemnistas,

154 231 263 253 Pnssaginos,
280 235 300 248 ac
313 235 425 253 quoscunque
437 231 480 248 alius
492 231 583 252 hereticus,
600 236 703 253 quocunque
714 232 784 248 nomine
795 232 899 252 censeantur,

153 263 173 275 ac
190 262 250 275 omnes
269 258 343 275 fautores
360 258 377 274 et
393 259 493 279 receptores.
511 258 598 276 credentes
615 259 632 275 et
650 258 747 275 defensores
765 263 828 276 eonrm.
859 258 900 275 item

154 285 319 302 excommunicamus
331 285 347 301 et
359 285 520 302 anathematizamus
531 289 591 302 omnes
603 285 669 307 piratas,
680 285 762 302 cursarius
770 285 787 301 et
797 285 900 302 lauunculos

153 312 227 329 marinos
242 316 262 328 ac
276 316 336 328 omnes
348 311 420 328 lautores
432 312 527 333 receptores
539 313 556 329 ei
569 311 666 329 defensores
674 316 738 328 comm.
753 312 793 328 Item
802 316 899 329 excommu-

153 338 229 356 nicamus
241 339 257 355 et
274 338 434 355 anathematizamus
451 343 512 355 omnes
530 339 573 358 illos,
591 339 620 360 qui
635 339 652 355 in
665 339 712 355 terris
724 338 759 355 suis
770 343 816 355 nova
827 338 900 360 pedagia

153 365 247 386 imponunt.
264 365 304 381 Item
313 365 478 382 excommunicamus
486 366 503 382 et
510 366 671 382 anathematizamus
680 370 739 382 ornnes
747 365 791 385 illos,
801 365 830 386 qui
839 369 899 387 equos,

153 396 203 412 arma,
222 392 288 412 terrum,
308 392 400 413 lignamina
419 392 445 408 vel
465 392 498 408 alia
518 392 601 413 prohibita
622 392 698 409 deterunt
721 392 817 412 sarracenis,
837 392 899 413 quibus

153 418 252 435 christianos
270 419 375 440 impugnant.
398 418 438 435 Item
456 418 622 435 excommunicamus
639 419 655 435 el
667 419 826 435 anathematizamus
838 423 899 439 omnes

152 445 229 462 falsarios
239 445 287 462 Bulle
298 446 315 462 et
326 445 415 462 litterarum
427 446 558 467 apostolicarum
570 446 586 462 et
594 445 702 467 peticionum,
711 445 783 467 graciam
792 446 808 462 et
816 446 898 462 iusticiam

153 472 282 492 continencium,
297 477 327 493 per
342 476 426 489 summurn
439 472 537 493 pontificem
555 473 583 489 aut
595 472 747 489 vicecancellarium
765 477 795 489 seu
813 473 898 493 gerentem

153 499 226 516 officium
238 498 367 516 vicecancellarii
376 498 436 515 Sancte
448 499 524 517 Romane
539 499 612 516 Ecclesie
624 499 645 515 de
657 499 736 515 mandato
749 499 824 515 eiusdem
837 499 899 516 summi

152 526 238 547 pontificis
250 526 358 547 signatarum,
376 526 403 542 aut
421 526 453 542 sub
470 526 540 542 nomine
552 526 613 542 summi
625 525 712 542 Pontificis
727 530 757 542 seu
769 526 898 542 vicecancellarii

152 552 179 570 vel
187 552 261 574 gerentis
269 552 343 569 oiiiciurn
352 552 481 569 vicecancellarii
490 552 601 574 predictorum
610 552 715 574 signancium
724 552 816 574 peticiones
824 552 899 569 easdem.

152 579 192 596 Item
212 579 376 596 excommunicamus
394 580 410 595 et
427 579 588 596 anathematizamus
606 584 665 596 omnes
685 579 728 599 illos,
752 579 780 600 qui
800 579 821 596 ad
840 579 898 596 sedern

152 606 262 627 apostolicam
275 606 361 622 venientes
375 606 400 622 vel
412 606 508 623 recedentes
519 606 539 623 ab
553 611 572 625 ea
586 611 651 623 necnon
666 606 709 626 illos,
724 606 753 627 qui
767 606 898 623 iurisdictionem

152 633 252 650 ordinariam
266 632 293 650 vel
311 632 405 654 delegatam
417 633 490 654 aliquam
502 637 538 649 non
550 633 637 652 habentes,
649 637 684 652 eos,
697 633 725 654 qui
738 633 755 649 in
767 637 836 649 romana
848 632 899 656 Curia

153 660 242 680 morantur,
259 659 351 676 temeritate
365 659 432 681 propria
450 664 515 681 capere,
530 659 603 681 spoliare
614 659 640 676 vel
653 659 726 676 detinere
738 660 766 676 aut
778 664 798 676 ex
810 660 898 681 proposito

152 686 243 703 deliberato
255 686 341 703 vulnerare
359 686 435 703 atrociter
446 686 472 703 vel
491 686 583 703 interlicere
601 687 699 707 presumunt
715 687 730 703 et
742 686 771 707 qui
783 686 860 703 victualia
871 686 898 703 vel

152 713 184 730 alia
202 713 223 730 ad
240 718 289 730 usum
302 713 377 731 Romane
392 713 436 729 curie
448 713 543 729 necessaria
555 713 653 734 impediunt,
671 718 692 729 ne
704 713 725 729 ad
737 713 794 729 sedem
807 713 897 734 predictam

152 740 246 756 deierantur
258 740 273 756 et
285 740 313 761 qui
331 740 369 756 talia
381 740 417 756 fieri
428 739 490 756 faciunt
502 740 538 756 sive
551 740 630 756 mandant
648 744 666 756 ac
684 740 731 760 alios,
750 740 778 761 qui
791 740 862 756 scienter
873 740 898 756 eis

152 767 207 784 tavent
228 767 254 784 vel
274 767 321 788 ipsos
340 767 425 787 receptant
448 767 476 782 aut
500 766 598 786 detendunt,
621 767 735 787 cuiuscunque
754 766 814 783 fuerint
834 766 898 783 ordinis

152 793 280 815 preeminencie,
293 793 397 810 condicionis
410 793 425 809 et
438 793 494 812 status,
511 793 579 809 eciamsi
594 793 685 814 pontificali
700 798 730 809 seu
743 793 774 809 alia
786 793 898 810 ecclesiastica

151 821 177 838 vel
184 821 269 838 mundana
276 821 380 842 prefulgeant
387 821 472 842 dignitate*
490 821 530 837 Item
540 821 704 837 excommunicamus
713 822 729 837 et
737 821 897 837 anathematizamus

152 853 211 865 omnes
224 848 267 868 illos,
280 848 308 869 qui
317 852 346 869 per
355 852 372 864 se
381 848 407 864 vel
416 848 466 864 aliurn
478 852 508 864 seu
518 847 560 864 alios
569 852 678 869 quascunque
686 852 767 868 personas
776 847 897 864 ecclesiasticas

152 876 167 892 et
183 875 264 892 seculares
277 874 297 891 ad
313 874 384 891 eandem
397 875 458 891 curiam
471 879 522 895 super
534 879 591 891 eorum
604 875 659 891 causis
675 875 690 891 et
703 874 778 895 negociis
790 875 897 893 recurrentes,

152 902 213 923 illaque
226 902 242 918 in
255 901 330 920 Romana
342 901 387 918 curia
399 901 522 922 prosequentes
534 902 562 917 aut
574 902 694 922 procuratores,
707 902 788 922 gestures,
800 901 896 921 advocatos,

151 928 177 945 vel
195 929 301 950 promotores
313 928 388 949 ipsorum
401 932 430 944 seu
443 928 494 944 eciam
507 927 597 944 Auditores
615 928 641 944 vel
653 928 722 947 iudices,
741 928 769 949 qui
787 932 837 949 super
849 928 897 944 dictis

151 955 206 972 causis
224 955 249 971 vel
268 955 343 976 negociis
361 954 461 975 deputantur
478 955 504 971 vel
524 954 545 971 de
563 955 621 971 eadem
640 954 715 973 Romana
733 955 777 971 curia
795 955 896 974 recedentes,

152 982 240 999 occasione
259 986 346 998 causarum
366 981 392 998 vel
416 981 525 1002 negociorum
546 981 642 998 huiusmodi
662 982 754 1000 verberant,
774 982 850 998 mutilant
869 982 895 998 vel

151 1009 234 1028 occidunt,
247 1009 274 1025 aut
282 1008 332 1025 bonis
341 1008 414 1029 spoliani
423 1008 526 1027 eorumdem,
539 1008 653 1029 cuiuscunque
666 1008 792 1029 preeminencie,
805 1008 896 1029 dignitatis,

151 1035 219 1055 ordinis,
237 1035 341 1052 condicionis
359 1035 387 1051 aut
404 1036 456 1051 status
472 1034 539 1054 ruerint.
556 1035 622 1051 eciamsi
642 1035 733 1056 pontificali
749 1035 775 1051 vel
793 1035 852 1056 quavis
864 1035 896 1051 alia

151 1062 255 1083 prefulgeant
264 1062 344 1083 dignitate
354 1061 426 1082 predicta
433 1061 458 1077 vel
471 1066 529 1077 eorum
539 1061 594 1082 aliqua
603 1061 730 1078 committentes.
749 1062 787 1078 Item
800 1066 896 1078 excommu>

151 1089 226 1106 nicamus
244 1089 260 1105 et
272 1088 432 1105 anathematizamus
450 1092 510 1104 omnes
529 1088 571 1107 illos,
590 1088 618 1109 qui
637 1092 666 1109 per
680 1093 698 1104 se
710 1089 736 1104 vel
748 1088 798 1104 alium
811 1093 841 1104 seu
853 1088 895 1105 alios

150 1116 211 1132 directe
223 1115 249 1132 vel
261 1115 341 1131 indirecte
355 1115 387 1131 sub
400 1119 501 1136 quocunque
516 1115 563 1131 titulo
575 1115 602 1131 vel
614 1115 669 1131 colore
681 1115 760 1134 civitates,
772 1116 829 1134 eastra,
842 1115 895 1134 villas,

150 1143 206 1162 terras,
224 1147 243 1159 ac
260 1142 297 1158 loca
315 1142 330 1158 et
343 1142 377 1158 iura
390 1142 463 1163 quelibet
476 1141 507 1157 alia
525 1141 578 1162 ipsius
590 1141 659 1158 ecclesia
672 1141 746 1159 Romane
759 1142 785 1158 vel
797 1142 853 1162 aliqua
865 1146 895 1158 seu

151 1169 223 1190 aliquam
236 1173 294 1185 eorum
313 1170 340 1185 aut
355 1169 430 1189 ipsorum
443 1168 468 1184 vel
481 1168 575 1189 aliquorum
588 1173 617 1184 seu
630 1168 699 1184 alicuius
711 1168 786 1189 ipsorum
799 1169 862 1189 partem
877 1173 896 1185 ac

150 1196 202 1212 eciam
221 1196 318 1212 comitatum
330 1195 416 1212 Venaisini
434 1196 449 1211 et
468 1195 550 1211 civitatem
563 1195 695 1211 Avinionensem
714 1199 750 1211 curn
766 1195 802 1211 eius
814 1195 895 1212 territorio

150 1227 216 1239 necnon
229 1223 286 1242 castra,
299 1223 334 1239 loca
347 1223 362 1239 et
374 1222 449 1238 iortalitia
459 1222 479 1238 ad
492 1222 579 1238 ecclesiam
592 1221 705 1238 Avionensem
715 1222 816 1242 pertinencia
825 1222 896 1238 scienter

150 1250 233 1271 occupant
248 1250 264 1265 et
281 1249 356 1265 detinent
369 1249 453 1269 occupata⁴
477 1248 517 1265 Non
530 1249 641 1268 obstantibus,
657 1249 671 1265 si
684 1248 768 1269 aliquibus
780 1249 895 1270 cuiuscunque

150 1276 213 1293 ordinis
222 1276 331 1294 condicionis,
341 1276 398 1294 status,
409 1275 493 1296 dignitatis
502 1276 519 1291 et
528 1275 650 1296 preeminencie
659 1275 719 1291 tuerint
731 1275 766 1294 etsi,
775 1276 793 1291 ut
802 1275 894 1296 predicitur,

150 1303 241 1324 pontificali
265 1307 294 1319 seu
313 1302 373 1324 quavis
396 1302 506 1318 ecclesiastica
530 1302 556 1318 vel
577 1302 661 1318 mundana
685 1302 789 1323 prefulgeant
808 1302 894 1323 dignitate,

149 1330 260 1346 communiter
271 1330 297 1346 vel
310 1329 377 1346 divisim
386 1334 395 1345 a
407 1329 447 1345 sede
460 1328 534 1350 predicta
546 1329 567 1345 sit
579 1333 683 1348 concessum,
697 1329 742 1350 quod
755 1329 893 1345 excommunicari

149 1357 165 1373 et
183 1356 317 1373 anathematizari
339 1361 373 1372 non
397 1356 462 1377 possint
482 1360 511 1376 per
533 1355 594 1372 litteras
612 1356 719 1376 apostolicas,
740 1360 772 1376 que
792 1356 858 1376 plenam
878 1357 894 1372 et

149 1388 250 1405 expressam,
263 1388 281 1400 ac
293 1383 315 1399 de
326 1383 377 1399 verbo
390 1382 411 1399 ad
419 1382 487 1399 verbum
499 1382 521 1398 de
536 1382 600 1398 indulto
612 1382 708 1398 huiusmodi
721 1386 787 1399 necnon
801 1382 893 1402 ordinibus,

149 1410 195 1430 locis,
208 1410 305 1427 nominibus
318 1410 389 1431 propriis
398 1411 414 1426 et
422 1409 558 1430 cognominibus,
571 1413 590 1425 ac
598 1409 707 1430 dignitatibus
716 1414 773 1425 eorum
783 1414 816 1425 non
826 1409 894 1425 iecerint
