1023 1631
535 154 556 169 34

224 206 255 222 Die
263 206 290 222 22.
299 205 344 227 Sept.
355 206 397 222 1336
405 206 506 223 Benedictus
512 206 546 223 ΧΠ,
557 211 586 227 per
597 206 735 223 constitutionem
749 207 839 226 ..Dudum
852 209 900 224 nos*
907 208 919 229 ¹)

172 232 268 249 occurrebat
279 232 370 252 fraudibus,
383 237 427 254 quae
438 237 448 249 a
460 232 547 249 nonnullis
559 233 706 250 committebantur
717 233 775 250 contra
789 235 919 251 reservationem

172 259 297 278 beneficiorum,
308 259 402 276 vacantium
411 264 441 280 per
452 259 576 276 assecutionem
585 259 655 276 aliorum
667 260 848 281 incompatibilium
861 261 919 282 vigore

172 285 231 307 capitis
239 285 274 305 „Ad
281 285 371 307 regimen“.
392 285 463 307 Saepius
469 286 502 302 iam
508 286 571 302 iactum
578 287 617 306 erat,
625 287 644 303 ut
649 291 737 307 personae,
746 287 808 308 quibus
814 292 844 308 per
850 287 918 304 Litteras

171 312 277 333 apostolicas
289 312 311 329 de
323 312 411 329 secundo
424 312 481 334 aliquo
493 312 576 329 beneficio
589 313 644 329 adhuc
651 313 744 330 vacaturo
755 313 785 330 tuit
793 314 884 335 provisum,
897 319 918 331 ne

172 339 226 360 priora
249 339 330 356 beneficia
348 339 429 356 dimittere
446 340 551 360 cogerentur,
569 339 601 356 illis
619 344 642 356 sc.
662 339 708 360 prius
727 340 805 360 obtentis,
826 341 916 361 antequam

172 365 215 382 dicta
232 365 305 382 secunda
323 366 404 382 beneficia
422 365 443 382 de
460 366 504 382 iacto
522 366 549 382 vel
566 366 588 382 de
605 366 640 382 iure
653 367 735 386 vacarent.
753 366 848 388 simpliciter
859 367 885 383 vel
898 372 918 383 ex

172 396 222 409 causa
240 393 367 413 permutationis
384 393 401 409 in
420 392 498 409 manibus
517 392 601 409 Ordinarii
619 393 732 410 renuntiarent
742 403 765 405 —
776 393 803 413 ita,
821 394 838 410 ut
849 394 866 410 in
878 398 917 410 casu

172 419 263 435 vacationis
282 419 402 436 beneficiorum
422 419 443 436 ab
462 419 504 440 ipsis
524 419 657 440 exspectaturum
675 419 749 441 priora,
768 420 784 436 vi
805 420 863 441 capitis
884 420 918 440 ‚Ad

172 445 256 466 regimen*
275 445 382 467 dispositioni
394 445 443 462 Sedis
454 445 563 467 Apostolicae
577 447 664 466 reservata,
683 446 706 463 de
724 446 777 463 iacto
795 451 830 463 non
847 447 919 468 amplius

172 472 283 493 possiderent.
309 472 337 489 Sic
357 477 429 494 magnus
448 477 529 489 numerus
551 472 671 489 beneficiorum
684 473 725 489 alias
741 473 850 494 dispositioni
863 473 920 490 Sedis

172 498 303 520 Apostolicae
315 499 436 516 reservatorum
448 504 458 515 a
466 499 575 516 collatoribus
584 499 694 516 ordinariis
703 500 719 516 in
727 500 804 516 fraudem
812 500 852 516 dicti
860 500 920 521 capitis

174 525 208 544 .Αά
221 526 305 547 regimen¹¹
319 526 373 547 potuit
385 526 460 542 conferri.
484 526 587 542 Huiusmodi
600 526 753 543 machinationibus
763 526 825 543 illicitis
833 526 920 545 Romanus

172 552 249 569 Pontifex
266 557 296 574 per
309 553 469 573 supramemoratam
484 552 621 569 constitutionem
634 552 694 569 indixit
711 553 800 569 terminum
813 553 920 573 declarando,

172 579 216 595 dicta
228 579 293 600 priora
305 579 387 595 beneficia
395 584 430 595 non
439 579 545 595 obstantibus
554 579 697 600 resignationibus
708 579 734 595 vel
742 579 893 600 permutationibus
903 580 919 595 iri

172 605 247 622 fraudem
266 605 309 627 legis
332 606 379 622 iactis
402 610 486 622 remanere
506 606 589 622 reservata
609 605 716 627 dispositioni
736 605 807 623 Romani
827 605 919 624 Pontiiicis,

172 632 251 649 adiuncto
269 632 338 653 insuper
354 632 420 649 decreto
438 632 516 648 irritante.
545 632 606 649 Postea
624 637 662 648 vero
681 636 703 648 scv
721 632 748 648 die
764 631 791 648 23.
807 631 859 653 Oct.2)
875 636 889 647 e.
904 636 918 647 a.

172 658 256 679 praetatus
270 659 356 677 Romanus
369 659 446 675 Pontifex
458 658 523 675 addidit
540 659 669 675 declarationem
687 658 771 679 quandam
790 658 839 674 huius
858 658 918 674 decreti

173 685 266 705 statuendo,
292 686 357 706 priora
381 686 408 702 illa
431 686 519 705 beneficia,
543 685 608 702 etiamsi
626 686 663 701 ante
684 685 806 701 assecutionem
829 684 918 706 praefatam

173 716 297 733 quocumque
310 712 368 728 modo
381 713 462 732 vacarent,
475 712 552 729 habenda
565 716 602 728 esse
614 712 685 728 omnino
697 711 773 728 affecta.

226 743 278 763 Quod
290 743 311 759 ad
323 743 452 760 reservationem
465 743 587 765 generalem,
603 743 723 759 beneficiorum
736 743 753 759 in
765 742 891 764 Aquilegien,
904 743 920 758 et

173 769 256 786 Graden.
269 770 406 791 patriarchatibus
415 771 430 787 et
439 770 455 786 in
466 770 600 786 Mediolanen.
612 770 694 786 Januenr
709 769 841 787 Ravennaten.
853 773 919 785 necnon

172 796 237 813 Pisan.
258 796 348 818 provinciis
368 797 430 817 attinet,
446 797 479 813 iam
499 801 550 819 supra
568 796 665 813 adnotatum
684 797 713 815 est.
734 796 750 812 in
769 796 817 812 dictis
834 796 919 812 territoriis

173 824 270 840 huiusmodi
288 824 408 841 reservationes
421 825 480 841 ultimo
498 825 536 841 loco
554 824 581 840 die
597 824 623 840 28.
635 824 690 840 Martii
709 824 750 840 1333
763 828 772 840 a
783 823 861 840 johanne
872 823 919 839 XXll.

172 850 224 867 tuisse
243 851 299 871 iactas,
313 856 363 872 quare
376 851 448 872 praefata
466 851 557 867 reservatio
577 851 675 872 generalis
688 855 697 867 a
709 850 800 866 Benedicto
816 850 847 866 Xll.
861 850 919 866 saltem

173 877 200 894 die
212 877 238 894 28.
250 877 305 894 Martii
319 877 360 894 1335
373 878 383 894 i,
396 882 409 894 e.
423 878 443 894 ab
459 878 506 894 initio
519 878 545 894 sui
560 877 667 898 pontificatus
679 877 737 893 luisset
749 876 860 898 proroganda⁴
886 876 919 893 Sed

173 904 190 920 in
220 904 300 925 Registris
326 904 425 921 authent-icis
451 904 490 921 dieti
516 904 603 921 Pontiiicis
629 904 664 921 sive
689 904 705 920 in
732 903 817 920 Vaticanis
845 903 879 919 sive
903 903 919 919 in

173 930 321 947 Avenionensibus
350 931 424 948 nullam
455 931 509 947 adhuc
539 931 639 952 investigare
668 930 715 951 potui
739 930 874 951 prorogationem
897 939 920 941 ——

174 957 282 974 solummodo
307 958 324 974 in
349 958 468 974 constitutione
493 957 586 974 Clementis
611 957 637 973 VI>
663 957 695 973 iam
719 961 768 978 supra
791 957 876 973 nominata
897 961 919 973 sci

175 984 306 1003 „Sollicitudo
315 985 433 1005 pastoralis*
440 984 523 1001 narrando
531 984 579 1005 quasi
584 984 669 1005 allegatur,
674 983 848 1003 Benedictulel.‚ad
853 983 919 1000 culmen

173 1010 281 1032 Apostolicae
294 1011 379 1032 dignitatis
392 1012 502 1032 assumptum,
520 1011 685 1027 confirmationes
698 1010 786 1026 omnium
798 1010 919 1026 electionum

175 1042 226 1058 ..quas
250 1038 270 1054 ad
294 1042 409 1059 quascumque
432 1038 535 1054 cathedrales
555 1038 571 1054 et
590 1037 687 1058 collegiatas
707 1037 786 1054 ecclesias
800 1037 892 1053 saeculares
905 1037 920 1053 et

174 1064 257 1085 regulares
275 1064 354 1081 dictarum
373 1065 456 1081 civitatum
473 1065 489 1081 et
501 1064 584 1081 dioecesis
596 1069 615 1080 ac
627 1064 723 1085 provinciae
735 1063 868 1080 Mediolanen.
881 1064 920 1080 tunc

174 1092 251 1107 vacantes
279 1092 294 1107 et
318 1092 334 1107 in
358 1092 407 1108 antea
430 1092 516 1108 vacaturas
540 1091 618 1107 celebrari
642 1091 754 1112 contingeret*
780 1090 881 1106 ordinationi
904 1091 920 1106 et

174 1117 281 1139 dispositioni
300 1123 340 1134 suae
356 1123 375 1134 ac
387 1118 436 1134 Sedis
454 1118 529 1134 eiusdem
548 1122 585 1134 cum
603 1117 730 1138 interpositione
748 1117 807 1133 decreti
820 1121 919 1133 reservasse*

205 1184 216 1201 1)
225 1184 258 1201 κει
267 1184 297 1197 Vat.
307 1184 316 1198 t.
327 1184 352 1198 122
361 1184 384 1198 roi
395 1184 433 1198 ιω.

227 1206 319 1246 ‚crithit
328 1206 366 1243 {in
376 1229 384 1242 1v
395 1233 405 1242 [Α
415 1232 428 1246 μ
438 1228 468 1242 ³90.

206 1255 217 1273 Ἃ)
227 1255 262 1268 (ἶοᾱ,
272 1255 286 1268 Β.
296 1255 319 1268 iol.
329 1255 350 1269 9³.

227 1277 262 1291 eud.
271 1277 287 1291 V.
298 1277 320 1291 inl.
330 1277 351 1291 ⁸1.

228 1300 243 1313 P,
253 1299 279 1313 Vll.
289 1299 307 1313 n⁰
316 1299 337 1313 21,

227 1322 242 1335 ln
251 1322 312 1339 margine
321 1321 376 1335 Codicis
386 1321 400 1335 Β.
410 1323 481 1335 excurrunt
491 1322 525 1335 haec
534 1322 582 1335 verba:

228 1344 287 1357 Similem
298 1344 321 1361 (sci
331 1344 440 1360 declarationem)
449 1344 481 1357 {ent
491 1344 554 1357 dominns
564 1344 649 1357 innocentius
659 1344 695 1361 (vr).

228 1366 288 1380 Similem
298 1365 329 1379 tait
339 1366 402 1379 dominus
411 1366 473 1380 Urbanus
484 1366 499 1380 V.
516 1366 530 1379 li.
540 1366 575 1379 Non.
585 1366 668 1383 Septembris
678 1370 714 1379 anno
724 1366 771 1383 primo.

228 1388 260 1402 Item
270 1388 327 1402 similem
337 1388 400 1402 dominus
410 1388 484 1406 Gregorius
494 1388 530 1406 Papa
540 1388 560 1402 XI.

228 1418 244 1420 —-
255 1414 289 1428 quae
299 1411 339 1424 verba
349 1411 394 1424 omnia
404 1411 454 1424 desunt
463 1411 476 1424 ln
486 1410 521 1424 Cod.
531 1410 547 1424 ν(
