3720 5932
907 301 947 360 67

183 507 332 573 ecclesiis
385 525 520 592 preesse
573 509 713 591 possent
766 508 887 574 utiliter
941 510 973 573 et
1024 508 1203 592 prodesse,
1251 507 1315 573 hiis
1354 509 1387 574 et
1423 507 1496 573 aliis
1542 508 1673 593 certis2)

182 611 525 691 consideracionibuS,
550 631 616 698 que
640 613 681 678 ad
705 611 739 678 id
761 616 912 679 nostrum
939 613 1086 679 animum
1112 613 1322 692 induxerunt,
1339 631 1459 679 omnes
1476 616 1508 679 et
1525 614 1675 698 singulas

181 719 396 800 cathedrales
421 719 609 786 abbaciales
634 721 666 785 et
689 719 809 805 alias3)
833 719 1027 803 collegiatas
1051 719 1218 798 ecclesias,
1244 719 1408 786 seculares
1433 722 1465 785 et
1494 719 1674 804 regulares,

181 829 353 911 exemptas
388 828 421 893 et
456 844 525 892 non
551 828 733 910 exemptas
770 827 803 890 in
827 826 968 905 civitate,
1005 825 1132 892 diocesi
1171 828 1203 890 et
1232 826 1401 910 provincia
1438 825 1674 912 Aquilegen.⁴)

181 932 415 1011 consistentes,
451 933 662 1016 preterquam
695 933 892 998 monialium
934 935 966 999 et
1005 932 1142 998 aliarum
1179 932 1409 1017 religiosarum
1450 932 1674 1019 mulierum,⁵)

181 1038 402 1124 disposicioni
442 1040 554 1104 nostre
593 1041 625 1105 et
671 1038 761 1104 sedis
801 1039 953 1105 eiusdem
994 1038 1150 1104 duximus
1186 1038 1327 1104 divorsis
1373 1039 1582 1124 temporibus
1617 1057 1677 1124 per

181 1148 312 1213 nostras
336 1144 414 1211 inde
438 1146 606 1212 contectas
631 1145 754 1211 litteras
789 1147 981 1212 auctoritate
1012 1146 1196 1231 apostolica
1232 1145 1459 1225 reservandas,
1495 1144 1675 1211 districtius

180 1253 372 1318 inhibentes
407 1251 566 1318 omnibus
590 1254 623 1317 et
647 1251 800 1336 singulis,
841 1251 882 1317 ad
919 1270 1005 1336 quos
1037 1252 1165 1331 electio,
1201 1251 1360 1336 provisio,
1392 1252 1579 1336 postulacio
1615 1271 1674 1318 seu

182 1359 300 1444 quevis
339 1359 402 1424 alia
447 1356 632 1443 disposicio
678 1358 858 1423 earundem
898 1358 1147 1445 ecclesiarumssl
1187 1359 1269 1424 alias
1308 1358 1511 1442 pertinebat,
1552 1377 1594 1424 ne
1632 1357 1674 1423 ad

182 1465 420 1550 provisionem,
460 1463 670 1542 electionem,
717 1464 984 1548 postulacionem
1024 1465 1077 1531 vel
1117 1465 1214 1530 aliam
1267 1464 1478 1529 ecclesiarum
1527 1464 1674 1548 ipsarum

183 1570 457 1656 disposicionem,
488 1588 563 1635 cum
589 1588 646 1635 eas
671 1570 723 1635 vel
759 1589 870 1636 earum
907 1571 1052 1655 aliquam
1076 1589 1192 1637 vacare
1216 1571 1433 1654 contingeret,
1459 1569 1676 1654 procederent

184 1676 410 1761 quovismodo
427 1663 464 1744 ac
481 1674 697 1742 decernentes
715 1679 834 1743 extunc
851 1677 975 1742 irritum
994 1679 1026 1742 et
1042 1678 1151 1757 inane,
1169 1677 1311 1743 sisecus
1324 1676 1348 1762 ⁷)
1366 1695 1425 1760 per
1442 1695 1675 1760 quoscumque

184 1801 286 1868 super
315 1782 379 1848 hiis
411 1783 529 1867 quavis
560 1783 752 1850 auctoritate
784 1785 925 1850 scienter
948 1784 1000 1850 vel
1032 1785 1224 1868 ignoranter
1246 1782 1453 1867 contingeret
1477 1783 1674 1867 attemptari.

291 1906 389 1987 Sane,
424 1925 499 1974 cum
534 1907 648 1973 ultime
684 1909 923 1974 reservacionis
960 1927 1018 1994 per
1041 1927 1104 1974 nos
1130 1908 1223 1986 lacte,
1252 1910 1288 1972 ut
1318 1907 1486 1992 prefertur,
1512 1906 1554 1972 de
1578 1906 1674 1972 dictis

186 2013 334 2081 ecclesiis
357 2013 553 2100 terminus8)
589 2015 688 2080 sitin
713 2014 763 2086 Kl.
789 2015 915 2081 mensis
939 2013 1062 2100 Aprilis
1086 2013 1185 2081 futuri
1211 2013 1398 2099 proximol)
1434 2012 1674 2091 terminandus,

185 2139 258 2201 nos,
272 2120 379 2186 adhuc
387 2119 514 2186 eisdem
529 2121 611 2186 moti
620 2121 949 2187 consideraciouibus
959 2123 990 2186 et
1003 2120 1138 2200 inducti,
1152 2120 1674 2198 reservacionem,inhibicionem

184 2230 216 2292 et
232 2227 398 2293 decretum
419 2226 567 2312 predicta
583 2246 691 2312 usque
710 2227 751 2293 ad
772 2227 945 2294 biennium
967 2227 1008 2293 ab
1030 2226 1157 2294 eisdem
1176 2226 1226 2298 Kl.
1245 2226 1391 2293 inantea
1411 2224 1674 2311 computandum

182 2333 374 2400 auctoritate
409 2333 556 2418 predicta
591 2336 706 2400 tenore
741 2335 962 2420 presencium,
998 2333 1101 2399 modo
1133 2335 1164 2398 et
1188 2333 1294 2399 lorma
1318 2333 1484 2418 expressis
1510 2332 1673 2417 superius,

182 2439 393 2506 extendimus
418 2458 456 2506 ac
480 2440 584 2506 eciam
610 2458 840 2526 prorogamus.
888 2440 979 2506 Nulli
1003 2458 1084 2525 ergo
1109 2442 1168 2506 etc.

288 2565 412 2631 Datum
437 2562 602 2631 Avinione
625 2565 677 2631 Vl.
702 2565 765 2631 kal.
790 2564 912 2650 Aprilis
937 2584 965 2630 a.
992 2565 1110 2650 quinto
1139 2563 1281 2631 decimo.

285 2689 320 2754 ln
345 2689 466 2756 eodem
492 2689 595 2756 modo
620 2691 653 2755 in
678 2690 819 2768 civitate,
845 2689 970 2755 diocesi
995 2708 1033 2756 ac
1057 2689 1227 2775 provincia
1249 2688 1391 2756 lanuen.

1005 2826 1017 2838 ν
1136 2824 1147 2852 2
1248 2796 1476 2862 Mediolanen.

1136 2930 1147 2959 ε
1251 2903 1432 2976 Ravennat.

1009 3036 1020 3048 .
1136 3036 1148 3065 ε
1251 3007 1396 3074 Graden.

904 3164 910 3172 .
1007 3143 1018 3153 ³
1135 3142 1146 3172 =
1248 3114 1359 3179 Pisan.

244 3347 266 3416 1)
286 3346 375 3402 deest:
395 3346 430 3412 B;
450 3347 482 3401 V.

246 3435 553 3505 ²lconsideracionibus
572 3436 662 3489 certis:
683 3435 717 3499 B;
737 3434 769 3489 V.

246 3524 267 3593 θ)
288 3525 354 3579 alias
374 3539 562 3594 quascunque:
582 3523 616 3587 B;
635 3523 668 3578 V.

245 3614 268 3683 ι1
287 3614 474 3669 Mediolanen:
495 3613 528 3677 Β;
551 3613 583 3668 V.

246 3702 268 3771 ὗ)
288 3703 429 3757 mulierum
449 3703 589 3756 ecclesias:
611 3701 645 3766 B;
664 3701 697 3756 V.
1329 3764 1337 3777 Ι

247 3792 268 3860 ⁶)
288 3793 460 3846 ecclesiarum
481 3833 487 3845 .
507 3832 512 3845 .
534 3833 539 3844 .
559 3791 783 3859 disposicionem:
803 3789 841 3854 V;
860 3820 893 3828 -
913 3793 1004 3844 omnia
1023 3791 1104 3844 verba
1124 3792 1151 3843 in
1170 3790 1261 3844 medio
1280 3791 1367 3858 posita
1388 3789 1496 3843 desunt.

247 3881 271 3950 ⁷)
290 3881 454 3951 superbiis:
475 3880 504 3934 B.

247 3968 268 4037 ⁸)
289 3970 379 4025 deest:
398 3968 431 4023 V.

246 4056 267 4127 ⁹)
287 4058 329 4117 Kl.
348 4046 449 4127 Aprilis
469 4059 571 4111 mensis
590 4055 669 4111 futuri
688 4058 802 4126 proximi
822 4057 1008 4111 terminandis:
1028 4055 1058 4110 B.

900 4359 957 4438 14.

188 4485 255 4543 1333
273 4486 362 4542 Martii
381 4484 423 4542 28.

186 4575 254 4630 Cod.
273 4576 304 4630 B.
323 4575 368 4630 iol.
388 4576 423 4630 76
441 4573 477 4629 n⁰
495 4573 537 4629 75.

185 4755 413 4859 Prorogacio
443 4758 744 4834 reservacionum
772 4754 948 4832 laetarum
982 4755 1018 4830 in
1052 4754 1208 4844 civitate,
1243 4751 1383 4831 diocesi
1412 4756 1447 4830 et
1480 4755 1674 4854 provincia

280 4896 444 4977 Graden.
475 4921 575 4976 anno
605 4897 752 4976 decimo
781 4898 943 4997 septimo
972 4894 1115 4974 domini
1144 4893 1327 4973 Johannis
1355 4917 1452 4996 pape
1481 4895 1583 4972 XXll.

464 5056 657 5136 Johannes
686 5060 753 5134 etc.
810 5053 871 5134 Ad
899 5057 1060 5134 futuram
1089 5059 1139 5133 rei
1169 5059 1401 5133 memoriam.

290 5199 412 5267 Circa
457 5202 614 5265 statum
661 5199 849 5283 parcium
897 5197 986 5264 ltalie
1025 5196 1199 5263 salubriter
1245 5199 1377 5262 auctore
1415 5195 1554 5262 domino
1598 5196 1675 5262 diri-

187 5306 337 5393 gendum
362 5309 422 5373 etc.
448 5357 455 5371 .
481 5355 488 5371 .
516 5356 522 5370 .
547 5306 734 5389 attemptari
760 5303 816 5389 (ut
838 5306 873 5369 in
896 5303 1030 5370 decreto
1048 5321 1114 5386 pro
1133 5304 1318 5387 provincio
1332 5299 1531 5386 Aquilegen.
1551 5323 1587 5389 p.
1606 5302 1674 5389 65).
