3720 5932
904 318 946 378 29

289 526 386 606 Quae
401 527 512 590 tamen
535 524 725 590 constitutio
747 523 862 589 saltem
889 524 922 587 in
947 523 1096 608 partibus
1122 518 1382 586 Lombardiae
1407 520 1560 586 ellectum
1580 537 1678 585 suum

184 652 252 699 non
278 632 390 711 sortita
415 649 489 697 esse
513 630 652 709 videtur,
684 648 781 696 secus
807 631 859 695 vix
883 629 1022 714 intelligi
1047 628 1166 713 potest,
1191 644 1248 691 cur
1272 626 1360 692 idern
1384 626 1558 692 lohannes
1584 626 1677 691 XXll.

184 740 236 805 die
279 737 328 804 12.
368 736 490 821 Aprilis
533 736 617 802 1323
655 755 714 821 per
752 736 888 815 bullam,
929 753 1015 820 quae
1055 733 1170 817 incipit
1218 752 1314 819 ,pro
1359 735 1465 799 statu
1509 733 1679 818 partium

184 842 506 928 Lombardiae“1)
548 844 689 908 iterum
730 843 942 908 reservaverit
984 859 1122 918 ,omnes
1156 841 1187 905 et
1224 841 1374 925 singulas
1414 838 1619 905 cathedrales
1648 841 1681 904 et

183 951 375 1036 collegiatus
398 949 555 1026 ecclesias
572 950 606 1013 in
636 947 764 1014 eisdem
782 948 1001 1014 Lombardiae
1026 947 1174 1032 partibus
1198 947 1360 1012 vacaturis
1385 965 1425 1011 ex
1449 964 1538 1011 nunc
1573 963 1680 1029 usque

182 1059 223 1124 ad
249 1057 443 1124 biennium“
478 1057 509 1120 et
533 1054 669 1138 quidem
695 1055 908 1120 reservaverit
938 1055 1054 1119 iterum
1091 1053 1168 1118 sibi
1204 1071 1245 1119 ac
1281 1051 1372 1118 Sedi
1408 1051 1678 1136 Apostolicae.

95 1159 98 1165 '
286 1162 390 1228 Porro
417 1160 537 1227 eodem
563 1159 617 1225 die
634 1160 842 1246 ssertrand02)
866 1161 950 1225 tituli
972 1159 1005 1225 S.
1022 1159 1169 1225 Marcelli
1193 1159 1387 1244 presbytero
1412 1157 1591 1238 cardinali,
1617 1176 1679 1223 suo

183 1273 217 1337 in
243 1270 393 1355 partibus
419 1266 640 1333 Lombardiae
665 1267 790 1352 Legato
815 1267 985 1332 mandavit
1024 1269 1078 1344 ,ut
1102 1266 1267 1350 praedicta
1292 1266 1470 1331 reservatio
1508 1266 1620 1330 nostra
1644 1266 1678 1332 in

185 1377 354 1453 omnium,
396 1391 538 1459 quorum
578 1374 713 1439 interest
756 1374 907 1438 notitiam
951 1374 1062 1439 veniat
1106 1375 1138 1438 et
1184 1372 1343 1437 adversus
1383 1362 1473 1436 'illam
1522 1389 1678 1437 causam

185 1480 443 1567 ignorantiae
478 1479 626 1564 aliquis
657 1480 957 1566 imposterumi)
993 1498 1071 1545 non
1102 1477 1358 1564 praetendat“
1387 1480 1418 1543 et
1442 1478 1619 1555 commisit,
1645 1480 1680 1543 ut

185 1589 305 1653 dictam
330 1587 587 1652 reservationem
613 1587 675 1663 ,in
700 1586 816 1665 locis,
843 1587 1045 1670 inquibus
1070 1584 1257 1669 expedire
1278 1583 1454 1650 videris“
1479 1584 1679 1668 quantocius

187 1693 379 1779 publicaret,
409 1693 566 1777 imposita
595 1693 659 1778 ipsi
696 1693 820 1777 Legato
846 1694 955 1759 stricta
990 1693 1199 1777 obligatione
1235 1690 1396 1757 referendi
1419 1689 1461 1757 ad
1486 1690 1612 1776 Papam
1637 1689 1679 1755 de

191 1801 386 1867 executione
410 1799 545 1884 praelati
570 1798 726 1865 mandati.

291 1906 339 1970 Ex
374 1906 472 1972 unico
509 1905 573 1971 hoc
608 1906 763 1991 exemplo
796 1906 860 1971 iam
893 1909 1039 1992 apparet,
1074 1905 1263 1972 iohannem
1288 1905 1381 1970 XXII.
1406 1905 1440 1969 in
1472 1902 1679 1970 reservandis

188 2012 281 2077 dictis
318 2011 490 2076 beneficiis
525 2029 594 2076 non
632 2010 735 2078 modo
773 2013 868 2097 quasi
904 2013 1046 2097 abrupto
1082 2012 1287 2097 processisse
1324 2009 1383 2077 sed
1413 2011 1584 2096 paulatim,
1622 2009 1679 2075 ubi

189 2117 381 2202 ,expedire“
408 2117 581 2183 videbatur
602 2118 727 2184 omissa
745 2119 981 2204 publicatione,
1007 2119 1064 2184 ubi
1082 2137 1151 2184 non
1176 2118 1218 2184 ad
1243 2119 1383 2183 salutem
1409 2116 1468 2183 sed
1494 2117 1607 2182 torsan
1637 2115 1678 2181 ad

186 2227 334 2309 apertum
375 2223 552 2290 discrimen
597 2224 755 2289 dictarum
803 2226 1016 2293 ecclesiarum
1057 2227 1264 2310 praematura
1302 2224 1436 2290 collatio
1483 2221 1678 2309 Apostolica

185 2331 326 2395 multum
373 2331 586 2396 attribuisset.
634 2332 697 2396 Die
741 2334 851 2397 autem
896 2332 926 2397 5.
971 2331 1056 2416 Aug.
1101 2332 1218 2417 13234)
1262 2331 1345 2397 torte
1392 2330 1433 2396 ad
1481 2331 1676 2396 relationem

184 2436 341 2520 praedicti
366 2438 480 2521 Legati
510 2438 543 2502 in
573 2437 807 2504 Lombardiam
837 2439 942 2518 missi,
977 2439 1151 2505 lohannes
1176 2438 1267 2523 Papa
1291 2437 1383 2503 XXII.
1419 2437 1676 2504 declarationem

182 2543 330 2609 adiciens
352 2544 435 2610 circa
463 2543 613 2623 dubium,
639 2563 806 2629 quaenam
831 2546 990 2612 ecclesiae
1008 2546 1204 2630 collegiatae
1228 2546 1534 2630 supramemoratae
1563 2545 1677 2609 essent

183 2649 399 2735 dispositioni
424 2649 638 2735 Apostolicae
667 2655 851 2718 reservatae
883 2652 1069 2718 saeculares
1106 2671 1147 2718 an
1184 2651 1362 2737 regulares,
1399 2670 1494 2716 suam
1531 2652 1676 2717 mentem

184 2757 228 2822 ita
252 2757 389 2842 aperuit,
426 2756 546 2822 dictam
572 2759 829 2824 reservationem
866 2778 901 2824 se
938 2759 1114 2824 extendere
1150 2761 1279 2825 tantum
1319 2758 1378 2835 ,ad
1410 2757 1615 2824 cathedrales
1646 2761 1677 2821 et

184 2855 366 2928 abbatiales
391 2864 547 2930 ecclesias
573 2883 609 2930 ac
634 2867 835 2932 monasteria
860 2884 919 2951 per
943 2866 1080 2931 abbates
1105 2867 1202 2930 solita
1227 2865 1435 2950 gubernari.“

287 2968 378 3036 Sicut
394 2971 428 3034 in
442 2970 642 3036 Lombardia
659 2973 703 3036 ita
719 2972 817 3037 etiam
836 2972 868 3037 in
887 2973 1058 3056 provincia
1075 2971 1339 3045 Ravennatem
1358 2973 1463 3055 prima
1481 2970 1674 3037 constitutio

183 3074 346 3142 Johannis
366 3076 459 3141 XXII.
485 3077 584 3142 nimis
608 3078 774 3161 generalis
799 3078 951 3144 ellectum
977 3096 1075 3143 suum
1100 3096 1169 3143 non
1195 3079 1308 3143 sortita
1333 3096 1407 3143 esse
1434 3076 1572 3155 videtur,
1598 3095 1674 3142 nam

184 3180 238 3248 die
265 3183 292 3247 l.
321 3181 443 3266 Aprilis
471 3183 588 3268 13235)
618 3183 804 3268 praedictus
834 3184 1006 3257 Romanus
1035 3185 1188 3250 Pontilex
1224 3185 1360 3250 iterum
1398 3202 1477 3249 suae
1513 3185 1544 3249 et
1579 3181 1676 3248 Sedis

182 3285 398 3372 Apostolicae
423 3288 637 3375 dispositioni
660 3309 780 3356 omnes
805 3295 836 3355 et
861 3291 1010 3375 singulas
1034 3290 1230 3358 cathedralis
1255 3295 1286 3356 et
1309 3290 1503 3375 collegiatus
1518 3290 1675 3357 ecclesias

183 3394 368 3460 saeculares
400 3399 431 3461 et
462 3396 628 3480 regulares
667 3397 805 3462 civitatis
839 3399 871 3462 et
904 3395 1069 3463 dioecesis
1108 3414 1145 3463 ac
1184 3398 1374 3482 provinciae
1406 3398 1674 3471 Ravennaten.

182 3505 403 3567 reservaverat
427 3505 459 3567 et
483 3503 618 3587 quidem
644 3506 786 3570 extunc
822 3521 946 3588 usque
976 3503 1021 3569 ad
1051 3504 1257 3569 biennium
1286 3506 1467 3583 vacaturas,
1492 3521 1574 3588 ergo
1605 3521 1674 3568 non

182 3607 331 3691 amplius
359 3627 486 3694 ,usque
510 3609 551 3675 ad
576 3610 821 3695 beneplacitum
847 3610 943 3676 Sedis
968 3609 1214 3694 Apostolicae“.

289 3713 412 3781 Similis
437 3717 613 3783 reservatio
645 3718 729 3783 lacta
759 3719 808 3783 est
836 3718 933 3782 etiam
966 3718 999 3783 in
1030 3717 1194 3785 tanuen.
1242 3717 1368 3783 Pisan.
1417 3716 1673 3802 llquilegien.

181 3836 313 3885 necnon
340 3819 508 3887 Graden.
533 3824 723 3908 provinciis.

293 3926 356 3993 Die
380 3927 433 3993 27.
457 3929 566 3994 Martii
594 3930 722 4016 13256),
747 3949 821 3996 cum
847 3931 923 3996 linis
948 3930 1025 3998 dicti
1049 3931 1175 3998 biennii
1207 3932 1352 4009 instaret,
1382 3930 1556 3997 lohannes
1579 3930 1672 3995 XXII.

187 4031 333 4108 ,eisdem
359 4036 470 4100 motus
498 4035 840 4103 considerationibus“
875 4037 994 4104 dictam
1019 4040 1275 4109 reservationem
1311 4037 1380 4114 ,ad
1413 4037 1512 4102 duos
1544 4055 1673 4102 annos

243 4261 265 4330 1)
284 4262 349 4334 Reg.
369 4264 428 4318 Vat.
448 4265 465 4317 t.
488 4265 534 4318 111
556 4265 601 4320 tol.
621 4265 671 4320 361
684 4265 810 4320 1101491.

242 4349 264 4418 ²)
284 4351 349 4422 Reg.
370 4353 429 4407 Vat.
450 4354 466 4407 l.
486 4370 507 4407 c.
528 4352 654 4409 n⁰1492.

242 4439 264 4505 1)
284 4440 348 4494 lnde
367 4441 444 4496 facile
464 4444 604 4514 colligitur,
635 4459 682 4513 per
701 4445 869 4512 praetensam
898 4446 1076 4514 ignorantiam
1105 4448 1217 4514 primam
1245 4448 1466 4501 constitutionem
1486 4446 1671 4516 impugnatam

180 4524 265 4580 luisse
279 4558 314 4566 —
327 4545 399 4584 nunc
411 4547 476 4585 vero
490 4533 588 4586 auxilio
602 4533 694 4603 Legati
714 4533 855 4601 implorato
875 4536 975 4588 maiore
995 4550 1056 4588 cum
1072 4537 1100 4589 vi
1114 4536 1140 4588 et
1154 4534 1273 4590 elticacia
1285 4535 1405 4590 secunda
1419 4536 1497 4589 datur
1510 4535 1672 4588 executioni.

243 4613 266 4682 4)
287 4616 352 4688 Reg.
372 4619 431 4674 Vat.
451 4622 469 4674 t.
492 4623 538 4676 111
560 4621 605 4676 tol.
625 4622 677 4676 392
697 4619 734 4674 n⁰
755 4622 830 4676 1634.

286 4704 317 4759 P.
336 4705 389 4762 Vll.
410 4706 483 4763 n07.

241 4790 263 4859 ⁶)
283 4793 354 4848 Nola
391 4798 432 4849 est
475 4799 539 4852 mibi
577 4799 647 4854 dicta
689 4802 834 4856 reservatio
870 4802 974 4856 tanturn
1011 4817 1044 4856 ex
1082 4803 1191 4858 decreto
1228 4805 1426 4874 prorogationis
1463 4803 1585 4857 eiusdem
1623 4803 1668 4857 die

183 4879 226 4934 27.
245 4881 334 4935 Martii
356 4883 424 4938 1325
443 4885 535 4942 tactae.

283 4968 351 5042 Reg.
371 4973 431 5035 Vat.
454 4975 567 5031 113131,
590 4976 681 5031 1741ο
700 4976 739 5031 n⁰
759 4978 821 5033 1031
846 4979 986 5048 (,Dudum
1005 4981 1172 5050 videlicet“).

288 5058 357 5114 Cod.
376 5060 405 5115 B.
426 5062 471 5117 tol.
492 5065 605 5120 69-70.

285 5147 353 5203 Cod.
373 5149 405 5204 V.
427 5149 472 5206 lol.
492 5151 570 5209 69t0.

284 5237 313 5291 P.
334 5239 386 5293 Vll.
407 5238 441 5293 n⁰
460 5240 485 5306 8,
504 5242 529 5296 9.

242 5325 264 5394 1)
284 5325 349 5399 Reg.
370 5329 429 5383 Vat.
450 5329 465 5385 l.
485 5346 507 5384 c.
