3720 5932
822 312 1035 404 2⁵„-

185 517 338 599 ubilibet;
372 536 503 584 necnon
513 517 553 605 10)
589 518 617 584 si
649 517 762 586 forsan
797 519 945 604 tempore
981 518 1046 584 iam
1083 518 1160 584 dicti
1196 517 1464 602 praedecessoris
1500 518 1602 603 aliqui
1639 519 1672 585 in

185 624 363 692 concordia
397 625 449 691 vel
483 624 648 692 discordia
684 625 779 690 electi
807 625 860 692 vel
884 626 1043 711 postulati
1067 624 1198 706 tuerint,
1235 644 1377 711 quorum
1402 626 1520 692 electio
1544 628 1672 692 cassata

185 751 244 798 seu
277 731 458 817 postulatio
488 732 621 818 repulsa
650 732 703 798 vel
734 751 794 816 per
823 751 883 799 eos
905 732 989 799 iacta
1021 733 1227 799 renunciatio
1252 736 1285 798 et
1307 733 1455 799 admissa
1479 751 1538 818 per
1562 733 1672 818 ipsum

185 824 476 924 praedecessorem
507 839 560 905 vel
584 839 777 905 auctoritate
812 839 919 925 ipsius
955 840 1136 906 exstiterint
1167 858 1226 906 seu
1252 858 1393 924 quorum
1419 840 1596 906 electorum
1621 839 1673 905 vel

184 947 427 1032 postulatorum
456 947 547 1013 etin
572 948 668 1013 antea
703 946 934 1032 eligendorum
960 965 1019 1013 seu
1044 945 1321 1031 postulandorum
1346 966 1383 1014 ac
1407 946 1672 1013 renunciantium

183 1054 381 1120 electionem
411 1053 533 1120 cassari
557 1052 610 1119 vel
634 1053 896 1138 postulationem
921 1053 1035 1138 repelli
1067 1056 1123 1118 aut
1147 1054 1433 1120 renunciationem
1460 1052 1588 1120 admitti
1615 1072 1675 1139 per

184 1178 248 1227 nos
283 1161 336 1227 vel
372 1161 565 1227 auctoritate
600 1163 714 1226 nostra
749 1158 1006 1246 contingeretll)
1038 1159 1127 1245 apud
1150 1159 1265 1226 sedem
1290 1160 1492 1245 praedictam
1516 1161 1569 1227 vel
1593 1161 1672 1226 alibi

184 1267 391 1352 ubicunque;
428 1285 465 1333 ac
500 1267 599 1333 etiam
636 1284 696 1351 per
730 1266 859 1332 obitum
895 1265 1111 1333 cardinalium
1143 1266 1294 1332 eiusdem
1319 1267 1478 1333 ecclesiae
1502 1267 1673 1340 Romanae

184 1392 222 1440 ac
258 1373 450 1439 oiiicialium
487 1373 593 1438 dictae
629 1371 721 1439 sedis
755 1373 910 1440 videlicet
937 1373 1116 1451 camerarii,
1152 1373 1422 1452 vicecancellarii,
1457 1374 1672 1448 notariorum,

184 1478 373 1546 auditorum
398 1479 564 1545 literarum
588 1479 864 1546 contradictarum
889 1483 922 1546 et
937 1480 1113 1565 apostolici
1138 1480 1251 1565 palatii
1273 1498 1446 1546 causarum
1472 1479 1672 1559 auditorum,

132 1639 136 1644 .
184 1587 403 1652 correctorum
413 1584 453 1672 11)
491 1588 523 1652 et
562 1586 757 1671 scriptorum
797 1586 963 1653 literarum
1004 1587 1261 1672 apostolicarum
1301 1605 1340 1653 ac
1377 1587 1622 1672 poenitentiarii
1633 1586 1672 1672 13)

185 1691 351 1777 praelatae
397 1692 488 1759 sedis
543 1711 581 1759 ac
627 1693 894 1760 abbreviatorum
952 1711 1083 1759 necnon
1130 1694 1407 1760 commensalium
1455 1694 1487 1759 et
1532 1693 1672 1759 aliorum

186 1799 412 1885 quorumlibet
435 1800 683 1885 capellanorum
708 1799 800 1866 sedis
823 1799 975 1867 eiusdem
1001 1803 1033 1866 et
1056 1800 1155 1887 etiam
1182 1819 1458 1886 quorumcunque
1487 1800 1672 1885 legatorum

186 1905 255 1971 sive
265 1905 304 1991 11)
329 1907 520 1972 nuntiorum
546 1925 583 1973 ac
607 1907 641 1973 in
665 1907 758 1973 terris
783 1897 950 1973 ecclesiae
968 1906 1139 1980 Romanae
1164 1909 1327 1973 rectorum
1344 1909 1377 1973 et
1392 1907 1671 1972 thesaurariorum

185 2031 244 2097 per
277 2011 400 2078 dictum
435 2012 601 2079 loannem
638 2013 930 2099 praedecessorem
965 2014 1018 2080 vel
1049 2031 1113 2080 nos
1142 2014 1330 2099 specialiter
1353 2013 1587 2099 deputatorum
1612 2031 1672 2079 seu

184 2119 362 2185 missorum
387 2119 546 2186 hactenus
570 2120 662 2187 vela
685 2121 785 2188 nobis
809 2120 1076 2206 deputandorum
1100 2123 1157 2186 aut
1180 2119 1417 2187 mittendorum
1440 2121 1473 2186 in
1490 2121 1672 2205 posterum,

183 2243 273 2291 nunc
306 2226 457 2292 vacantia
493 2229 526 2293 et
561 2228 595 2294 in
619 2231 717 2294 antea
740 2229 904 2307 vacatura,
940 2227 1132 2313 ubicunque
1168 2226 1275 2294 dictos
1300 2227 1429 2313 legatos
1453 2227 1506 2293 vel
1530 2227 1673 2293 nuncios

183 2350 243 2397 seu
274 2335 417 2400 rectores
448 2337 505 2401 aut
527 2335 763 2414 thesaurarios‚
794 2338 976 2419 antequam
1008 2332 1049 2400 ad
1074 2334 1258 2407 Romanam
1283 2334 1407 2400 curiam
1432 2332 1588 2399 redierint
1612 2332 1672 2399 seu

182 2439 342 2519 venerint,
386 2441 485 2508 rebus
529 2442 628 2508 eximi
667 2441 845 2526 contigerit
880 2441 922 2508 ab
961 2440 1134 2520 humanis;
1174 2459 1306 2507 necnon
1347 2440 1573 2526 quorumlibet
1611 2458 1671 2524 pro

183 2545 441 2632 quibuscunque
489 2548 635 2633 negotiis
670 2547 713 2614 ad
759 2546 945 2620 Romanam
992 2548 1115 2614 curiam
1162 2548 1368 2614 venientium
1415 2565 1475 2613 seu
1485 2547 1525 2633 11)
1573 2547 1671 2613 etiam

183 2652 409 2719 recedentium
445 2655 487 2722 ab
521 2653 650 2736 eadem,
686 2655 714 2721 si
750 2655 783 2720 in
819 2654 902 2721 locis
933 2654 1062 2721 adicta
1087 2655 1176 2721 curia
1200 2655 1283 2721 ultra
1307 2653 1391 2721 duas
1416 2654 1523 2720 dietas
1547 2653 1672 2738 legales
1707 2650 1710 2660 '

183 2777 252 2825 non
283 2758 484 2827 distantibus
516 2762 580 2827 iam
611 2760 724 2828 iorsan
760 2761 904 2827 obierint
914 2761 952 2847 16)
987 2761 1040 2826 vel
1065 2779 1124 2827 eos
1149 2762 1183 2826 in
1207 2764 1305 2828 antea
1328 2762 1465 2827 transire
1496 2761 1673 2845 contigerit

183 2865 224 2932 de
249 2867 311 2934 hac
333 2868 418 2948 luce,
443 2886 480 2934 ac
504 2869 603 2934 etiam
629 2867 729 2934 simili
754 2867 857 2933 modo
886 2885 1164 2952 quorumcunque
1187 2868 1359 2934 curialium
1383 2866 1671 2953 peregrinationis,

182 2972 393 3055 iniirmitatis,
429 2978 485 3041 aut
520 2976 733 3042 recreationis
769 2993 828 3040 seu
864 2974 928 3040 alia
965 2993 1166 3059 quacunque
1201 2994 1302 3041 causa
1341 2974 1382 3040 ad
1423 2974 1561 3059 quaevis
1599 2973 1672 3039 loca

182 3082 421 3163 secedentium,
435 3083 463 3148 si
478 3081 549 3168 [eos
559 3081 609 3169 11)]
624 3085 803 3167 antequam
817 3079 859 3147 ad
878 3080 999 3147 dictam
1016 3082 1141 3146 curiam
1156 3081 1322 3160 redierint,
1338 3081 1372 3146 in
1389 3080 1472 3147 locis
1490 3080 1572 3145 ultra
1588 3079 1672 3145 duas

180 3187 286 3255 dietas
322 3190 364 3255 ab
400 3188 517 3255 eadem
553 3189 653 3268 curia,
691 3187 741 3274 (ut
771 3187 1013 3274 praemittitur,)
1050 3203 1132 3253 non*
1155 3188 1301 3266 remotis,
1334 3186 1519 3253 dummodo
1556 3204 1671 3252 eorum

181 3296 352 3381 proprium
385 3295 591 3362 domicilium
624 3313 692 3361 non
724 3295 861 3360 exsistat
885 3293 1022 3382 ibidem,
1058 3295 1124 3360 iam
1149 3294 1286 3360 iorsitan
1312 3294 1525 3372 decesserint,
1562 3293 1613 3359 vel
1638 3293 1671 3357 in

158 3420 161 3429 ’
181 3404 351 3488 posterum
365 3420 425 3469 eos
438 3403 614 3487 contigerit
626 3401 667 3468 de
677 3401 790 3467 medio
799 3401 1002 3479 submoveri,
1016 3419 1104 3466 nunc
1113 3418 1172 3485 per
1180 3400 1309 3467 obitum
1319 3399 1513 3466 huiusmodi
1523 3400 1672 3465 vacantia

180 3511 214 3575 et
238 3510 463 3594 inposterum
491 3512 659 3588 vacatura;
684 3526 796 3588 rursus
820 3507 1031 3586 monasteria,
1061 3507 1236 3592 prioratus,
1261 3507 1453 3586 decanatus,
1478 3506 1671 3591 dignitates

184 3619 393 3702 personatus,
430 3615 746 3694 administrationes
782 3614 902 3692 oiiicia,
938 3614 1165 3694 canonicatus,
1202 3613 1410 3699 praebendas
1443 3616 1476 3679 et
1503 3613 1671 3691 ecclesias,

181 3725 356 3808 ceteraque
387 3721 551 3789 beneiicia
582 3721 815 3801 ecclesiastica,
848 3721 1028 3787 saecularia
1062 3723 1094 3787 et
1129 3720 1291 3806 regularia
1322 3739 1397 3787 cum
1422 3738 1499 3786 cura
1521 3719 1574 3784 vel
1599 3719 1672 3785 sine

182 3849 269 3910 cura,
317 3848 538 3916 quaecunque
585 3833 618 3896 et
664 3829 910 3914 qualiacunque
961 3827 1091 3908 tuerint,
1139 3828 1269 3894 etiamsi
1316 3827 1359 3893 ad
1405 3826 1461 3891 illa
1507 3844 1671 3911 personae

181 3936 416 4002 consueverint
443 3938 476 4002 et
505 3935 680 4002 debuerint
703 3954 762 4020 per
785 3935 982 4002 electionem
1008 3937 1063 4001 aut
1088 3935 1241 4019 quemvis
1258 3934 1359 3999 alium
1377 3932 1515 3998 modum
1534 3933 1671 4010 assumi,

182 4060 269 4127 quae
282 4043 426 4128 promoti
444 4061 504 4128 per
519 4042 642 4108 dictum
660 4042 951 4127 praedecessorem
968 4041 1021 4107 vel
1038 4041 1110 4107 eius
1128 4041 1320 4107 auctoritate
1337 4039 1379 4106 ad
1396 4039 1671 4124 patriarchalium,

182 4149 516 4235 archiepiscopalium
571 4151 603 4214 et
656 4148 898 4233 episcopalium
953 4147 1166 4214 ecclesiarum
1213 4165 1344 4213 necnon
1392 4145 1671 4212 monasteriorum

181 4256 344 4341 regimina
368 4256 565 4323 obtinebant
585 4257 735 4339 tempore
760 4254 1010 4338 promotionum
1036 4253 1077 4319 de
1103 4255 1185 4339 ipsis
1209 4254 1378 4332 iactatum,
1409 4271 1497 4319 nunc
1521 4252 1672 4317 vacantia

183 4365 215 4429 et
250 4364 308 4448 qui
344 4381 403 4448 per
437 4380 501 4429 nos
537 4380 596 4428 seu
632 4361 825 4427 auctoritate
861 4362 975 4426 nostra
1010 4360 1044 4425 in
1078 4363 1249 4445 posterum
1286 4359 1328 4426 ad
1363 4360 1480 4426 eadem
1510 4358 1674 4444 regimina

182 4562 269 4570 -ι
275 4562 395 4568 --.-

238 4720 270 4784 111)
289 4719 329 4773 ad
348 4734 410 4787 que
428 4717 519 4772 forsan
547 4750 570 4757 -
592 4718 657 4789 Reg.
676 4717 763 4772 Auen.
784 4716 820 4781 B;
839 4716 876 4779 V;
897 4715 924 4770 S.

236 4807 269 4874 11)
288 4808 428 4878 continget
447 4838 479 4846 -
499 4807 564 4879 Reg.
583 4807 670 4861 Aven.
690 4806 724 4871 B;
744 4805 781 4870 V;
802 4805 830 4859 S.

236 4895 270 4964 11)
289 4897 457 4950 correctoris:
477 4895 507 4950 B.

238 4985 272 5054 11)
292 4986 529 5054 penitenclarie
548 5013 583 5021 —
602 4983 666 5055 Reg.
686 4982 773 5037 Aven.
793 4982 828 5046 B;
847 4982 884 5046 V;
904 4981 931 5036 S.

238 5074 272 5142 11)
291 5089 349 5128 seu
368 5104 403 5112 -—
421 5073 486 5143 Reg.
506 5072 592 5127 Auen.
612 5072 639 5126 S.
659 5073 740 5142 (sive:
760 5071 796 5136 B;
815 5071 867 5139 ν.)

237 5161 272 5230 11)
291 5163 344 5218 vel
363 5193 398 5201 —
416 5161 482 5232 Reg.
501 5161 588 5216 Auen.
607 5161 642 5225 B;
662 5160 689 5215 S.

237 5252 272 5321 11)
292 5251 447 5306 obierunt
466 5280 498 5288 —
519 5249 583 5321 Reg.
603 5250 690 5304 Aven.
709 5249 746 5314 B;
767 5248 799 5303 V.
820 5247 947 5317 (obierint
966 5247 1013 5318 S.).

141 5342 144 5348 ’
237 5340 274 5411 11)
293 5344 324 5406 sl,
343 5342 487 5409 antequam
507 5380 513 5391 .
533 5381 539 5393 .
560 5381 565 5392 .
586 5338 804 5392 decesserunt
823 5368 858 5376 —
876 5337 942 5408 Reg.
960 5337 1053 5402 Aven;
1072 5337 1108 5402 B;
1127 5336 1160 5391 V.
