1023 1631
502 154 524 171 85

142 207 160 223 ut
172 206 232 223 exinde
248 206 336 228 dispendia
348 206 405 223 licium
417 206 460 223 inter
470 210 554 227 personas
566 206 686 223 ecclesiasticas
701 205 787 227 presertim
799 205 887 227 religiosas

142 233 195 250 valeat
207 233 269 250 evitari.
287 233 330 250 Cum
343 233 405 254 itaque,
418 233 460 250 sicut
470 233 571 254 accepimus,
580 237 590 249 a
597 232 684 249 nonnullis
692 232 709 249 in
718 232 787 249 dubium
796 232 887 251 revocetur,

142 265 168 280 an,
181 260 263 276 reservato
275 264 304 281 per
312 264 343 276 nos
350 260 362 281 ¹)
374 259 435 281 quovis
447 259 561 276 ecclesiastico
573 259 656 276 beneficio
668 263 698 280 per
709 258 793 280 regulares
806 263 887 280 personas

142 287 192 303 solito
204 286 298 308 gubernari,
314 286 430 308 (intelligatur)
438 286 490 306 locus,
504 291 554 307 quem
563 290 636 307 persona
644 285 724 307 regularis
733 285 812 302 obtinens
824 285 886 302 dictum

142 313 241 330 beneficium
265 313 337 330 habebat
356 313 373 329 in
394 313 464 330 ecclesia
487 318 517 329 seu
537 312 640 329 monasterio
661 313 689 329 aut
709 312 770 333 quovis
793 312 826 328 alio
849 311 886 328 loco

141 340 226 361 religioso,
239 340 255 356 in
264 344 299 361 quo
307 341 332 356 est
340 340 394 356 certus
406 344 486 356 numerus
496 344 606 361 personarum
618 339 724 360 regularium,
736 339 823 355 censeatur
834 338 886 355 eciam

141 367 238 383 reservatus.
262 366 298 383 Nos
318 366 339 383 ad
362 366 460 383 huiusmodi
483 366 554 383 dubium
577 370 628 387 super
650 365 682 382 hiis
706 365 847 382 summovendum
871 365 888 381 et

141 393 229 409 amfractus
235 393 291 410 licium
300 393 388 410 evitandos
394 393 491 410 auctoritate
499 393 592 414 apostolica
600 393 658 409 tenore
665 392 769 414 presencium
778 392 886 412 declaramus,

141 420 197 436 nostre
216 420 316 437 intencionis
333 420 385 436 fuisse
398 420 414 436 et
426 424 468 439 esse,
487 420 504 436 ut
523 419 659 441 quandocunque
674 419 743 440 aliquod
756 419 886 435 ecclesiasticum

141 446 241 463 beneficium
258 446 338 467 regulare,
356 446 424 463 eciamsi
437 447 525 468 prioratus,
541 446 620 467 dignitas,
636 446 741 467 personatus,
757 445 886 466 administracio,

141 473 215 489 oiiicium
239 473 264 489 vel
288 473 360 494 quodvis
379 473 424 489 aliud
444 473 504 490 existat
524 474 540 490 et
564 477 665 494 quocunque
688 472 756 489 nomine
776 473 886 494 nuncupetur,

141 500 239 516 consuetum
257 504 286 521 per
298 504 379 521 personas
391 500 475 521 regulares
492 500 605 520 ecclesiarum,
623 499 767 519 monasteriorum,
783 499 886 521 prioratuum

141 526 251 543 decanatuum
268 527 284 543 et
302 526 415 548 quorumlibet
436 527 505 543 aliorum
528 526 602 543 locorum
622 526 728 547 regularium,
748 530 886 547 quorumcunque

141 553 218 569 ordinum
227 553 280 573 tuerit,
288 553 382 574 gubernari,
392 553 471 570 hactenus
480 553 602 570 reservavimus
612 554 640 570 aut
649 553 770 570 reservabimus
779 553 796 569 in
807 553 886 572 futurum,

141 580 192 600 locus,
209 584 258 601 quem
275 584 347 601 persona
360 580 445 601 regularis,
463 580 525 596 dictum
538 580 639 597 beneficium
651 580 675 596 sic
687 580 787 596 reservatum
802 579 886 599 obtinens,

141 607 213 623 habebat
221 611 250 623 seu
260 607 327 623 habebit
335 607 352 623 in
361 607 435 623 ecclesiis
444 607 555 626 monasteriis,
568 607 673 628 prioratibus,
686 606 794 623 decanatibus
803 611 833 623 seu
845 606 886 622 locis

141 633 177 650 aliis
195 633 299 654 regularibus
316 634 342 650 vel
360 638 419 650 eorum
437 634 495 655 aliquo
514 634 618 655 supradictis,
637 634 653 650 in
666 633 728 654 quibus
740 633 793 649 certus
806 633 886 649 dictarum

141 665 250 681 personarum
268 660 368 681 regularium
386 665 465 677 numerus
483 661 518 677 erat
530 660 557 677 vel
569 661 599 677 erit
611 661 686 681 tempore
698 660 817 676 reservaciunis
829 659 886 676 huius-

140 686 186 703 modi
198 687 279 703 canonice
291 687 381 707 institutus,
394 692 414 704 eo
428 687 465 708 ipso
477 688 571 704 reservatus
583 687 642 704 existat
654 687 670 703 et
682 691 711 708 pro
724 687 807 703 reservato
819 686 886 708 penitus

140 713 224 733 habeatur,
237 718 256 730 ac
268 713 387 730 nichilominus
400 714 462 730 irritum
475 713 582 730 decernimus
594 714 610 730 et
621 714 671 730 inane
683 714 697 730 si
710 718 758 730 secus
771 718 821 735 super
833 713 865 730 hiis
877 718 886 729 a

140 745 226 761 quoquam
245 740 304 761 quavis
322 740 418 757 auctoritate
436 741 507 757 scienter
520 741 546 757 vel
559 741 654 762 ignoranter
666 741 781 762 attemptatum
793 740 848 756 forsan
861 741 887 757 est

141 766 220 783 hactenus
233 767 259 783 vel
272 767 288 783 in
301 767 386 788 posterum
399 767 486 788 contigerit
499 767 598 788 attemptari.
621 767 666 784 Nulli
679 772 718 788 ergo
731 767 761 784 etc.

194 798 255 814 Datum
268 798 351 814 Avinione
363 798 388 814 Vl.
401 798 439 814 idus
452 798 531 815 Octobris
537 798 549 819 2)
561 803 576 815 a.
589 799 653 820 quarto.

171 861 182 878 ι)
192 861 226 874 rma
236 861 253 874 aa
264 862 319 878 quovis:
330 861 346 875 v.

172 883 183 900 ¹)
193 883 279 900 pontificatus
289 884 338 897 nostri:
348 884 364 897 v.

496 964 528 984 40.

142 994 175 1008 1346
185 994 234 1012 Aprilis
245 995 265 1008 13Δ

139 1016 173 1030 Cod.
184 1017 198 1030 Β.
208 1017 231 1030 ἱο]Δ
242 1017 316 1031 linens.

166 1062 279 1084 Declaracio,
295 1062 348 1087 quod
362 1062 403 1082 loca
419 1063 530 1088 regularium
545 1064 615 1082 certum
630 1069 729 1082 numerum
743 1063 855 1082 habencium

402 1095 509 1113 remaneant
525 1095 620 1114 reservata.

367 1128 398 1149 Ad
412 1130 491 1149 futuram
507 1131 532 1149 rei
547 1131 663 1149 memoriam.

199 1168 268 1185 Otiicii
280 1170 342 1185 nostri
353 1169 440 1186 debitum
449 1170 530 1191 exposcit,
539 1170 556 1186 ut
564 1170 601 1189 hiis,
611 1174 643 1191 que
650 1175 659 1186 a
667 1170 717 1186 nobis
724 1170 820 1191 suppliciter
828 1170 886 1191 postu-

139 1195 197 1215 lantur,
218 1195 250 1211 illis
268 1196 359 1217 presertim,
380 1200 409 1217 per
426 1200 459 1217 que
477 1196 520 1212 inter
538 1201 619 1217 personas
637 1196 750 1213 desiderantes
765 1197 797 1213 sub
815 1197 885 1218 regulari

139 1222 196 1238 habitu
220 1222 289 1238 domino
309 1222 383 1239 famulari
404 1222 492 1243 dispendia
514 1223 569 1239 licium
590 1223 673 1244 precaveri
693 1223 752 1243 valeat,
775 1223 886 1240 favorabiliter

139 1253 238 1265 annuamus.
269 1249 337 1265 Dudum
358 1250 440 1271 siquidem
462 1254 483 1266 ex
506 1250 554 1266 certis
578 1250 633 1266 causis
653 1250 738 1266 voluimus
757 1251 773 1266 et
793 1250 885 1272 apostolica

141 1275 237 1291 auctoritate
261 1280 290 1296 per
302 1277 367 1292 nostras
384 1277 423 1293 certi
441 1277 503 1293 tenoris
522 1277 584 1293 litteras
602 1276 679 1293 duximus
692 1276 814 1297 declarandum,
834 1277 885 1298 quod,

139 1301 268 1323 quibuscunque
277 1303 420 1319 reservacionibus
429 1303 531 1324 specialibus
544 1303 564 1319 de
577 1303 625 1320 certis
634 1304 760 1320 canonicatibus
769 1305 785 1320 et
795 1304 886 1325 prebendis

139 1328 242 1349 singularum
255 1330 271 1345 et
279 1329 360 1346 certarum
373 1334 481 1351 personarum
494 1330 510 1346 in
524 1330 646 1346 cathedralibus
659 1330 684 1347 vel
696 1330 789 1351 collegiatis
803 1330 885 1350 ecclesiis,

139 1355 268 1376 quibuscunque
281 1360 310 1372 seu
323 1356 343 1372 de
356 1356 404 1373 certis
416 1357 502 1373 beneficiis
511 1356 628 1373 ecclesiasticis
637 1361 746 1378 personarum
755 1358 835 1374 certarum
847 1362 885 1374 curn

138 1386 177 1398 cura
188 1382 213 1398 vel
232 1382 268 1398 sine
280 1387 318 1399 cura
330 1383 369 1403 [per
376 1387 408 1399 nos
416 1384 456 1400 tunc
460 1383 517 1404 factis
525 1384 556 1399 aut
564 1384 582 1399 in
587 1383 675 1404 posterum
680 1383 768 1405 faciendis
777 1388 885 1405 nequaquam

139 1408 254 1426 obstantibus,
266 1410 375 1430 expectantes
384 1423 387 1426 .
397 1422 400 1426 .
410 1422 413 1426 .
422 1409 442 1431 cf.
452 1410 473 1426 η’]
480 1410 509 1431 38]
523 1410 609 1431 presentes
617 1410 678 1431 pariter
686 1411 702 1427 et
710 1410 764 1430 iuturi,
777 1411 885 1427 canonicatus

941 73 955 108 *l
