1023 1631
500 149 521 164 87

139 201 242 219 cathedrales
256 202 272 218 et
286 201 382 222 collegiatus
397 201 475 218 ecclesias
488 201 571 218 seculares
583 204 599 217 et
611 201 696 222 regulares
708 200 788 217 dictarum
800 200 884 217 civitatum

138 229 154 245 et
172 228 244 245 diocesis
262 233 281 244 ac
298 228 383 249 provincie
396 227 511 244 Mediolanen.
523 228 563 244 tunc
574 227 652 244 vacantes
665 228 681 244 et
698 227 716 244 in
733 227 782 244 antea
799 227 884 244 vacaturas

138 255 217 272 celebrari
231 255 339 276 confingeret,
355 254 460 271 ordinationi
476 255 492 271 et
503 254 614 277 disposicioni
629 258 659 271 sue
671 259 690 270 ac
702 253 746 270 sedis
759 253 833 270 eiusdem
846 258 884 271 cum

139 281 267 303 interpositione
282 281 342 298 decreti
358 281 409 297 eciam
424 281 519 298 reservavit.
542 281 563 297 Et
574 280 634 297 deinde
649 281 699 297 nobis
716 281 798 302 exposito.
817 281 862 302 quod
875 286 884 297 a

138 308 224 325 nonnullis
237 308 253 324 in
266 308 335 324 dubium
348 308 446 328 vertebatur,
464 312 485 324 an
503 307 578 329 predicte
595 307 718 324 reservaciones
730 307 818 329 generales
830 312 884 329 usque

139 335 159 352 ad
177 335 301 356 beneplacitum
319 334 361 351 dicte
378 334 423 351 sedis
441 339 470 355 per
482 334 538 355 ipsum
550 334 651 354 Jobannern,
663 334 681 350 ut
693 334 787 355 predicitur,
801 334 844 351 facte
856 339 885 355 per

138 362 179 378 alias
198 361 286 378 biennales
299 361 315 377 et
327 361 428 382 temporales
443 361 568 377 reservaciones
580 361 656 377 revocate
673 360 749 380 tuissent,
768 361 884 382 superhocque

138 393 194 405 coram
206 387 256 404 nobis
269 387 339 404 diversis
350 387 416 404 vicibus
428 388 444 404 et
455 388 560 409 temporibus
573 387 671 408 disceptato.
694 387 730 404 Nos
747 387 823 404 volentes
835 392 886 409 super

138 415 170 431 hoc
185 414 271 431 salubriter
282 414 370 435 providere
382 419 440 435 nuper,
456 414 533 431 videlicet
545 414 567 430 ld.
580 414 662 435 presentis
674 414 737 430 mensis
749 414 831 434 februarii,
843 414 884 430 deii-

138 441 227 458 beracione
241 445 292 462 super
305 441 337 457 hiis
350 445 387 457 cum
399 441 476 457 tratribus
488 441 551 457 nostris
563 441 620 457 sancte
631 440 679 459 Rom.
691 440 761 457 ecclesie
773 440 884 457 cardinalibus

139 468 224 489 prehabita
233 467 314 489 diligenti,
326 467 347 484 de
360 468 434 489 ipsorum
443 467 515 484 consilio
524 467 594 484 dubium
602 467 698 483 huiusmodi
707 467 776 483 minime
784 467 884 484 declarando

139 494 235 511 auctoritate
245 494 338 515 apostolica
350 494 428 511 duximus
440 494 559 514 ordinandum,
572 494 617 515 quod
629 498 689 510 ornnes
701 494 717 510 et
729 494 796 515 singuli,
809 494 837 515 qui
846 495 885 515 post

139 521 203 538 obitum
210 521 249 537 dieti
255 521 337 537 Johannis
344 521 467 542 predecessoris
474 521 514 542 post
520 521 536 537 et
542 521 599 537 contra
606 520 729 537 reservaciones
735 521 752 537 et
758 520 823 537 decreta
828 521 884 537 huius-

139 548 185 564 modi
193 548 214 564 ad
223 548 345 569 patriarchales,
354 547 510 568 archiepiscopales,
520 547 626 568 episcopales
633 547 716 568 quaslibet
722 547 812 568 dignitates
819 547 885 563 ecclesi-

139 579 185 591 arum
191 574 317 595 collegiatarum
325 574 423 591 secularium
429 578 494 590 necnon
500 574 612 593 abbaciarum,
617 574 755 590 monasteriorum
761 574 777 590 et
782 574 884 595 prioratuum

139 601 209 617 aliorum
218 605 357 622 quorumcunque
368 601 484 622 religiosorum
495 605 515 617 ac
526 600 591 622 piorum
600 600 674 617 locorum
683 600 769 621 regimina,
779 600 819 617 alias
828 601 884 617 tamen

139 628 168 644 rite
175 628 190 644 et
197 628 282 647 canonice,
289 628 328 644 tunc
335 628 381 644 erant
387 627 469 648 assumpti
479 627 494 643 et
503 627 531 643 alii
540 627 598 647 eciam,
606 627 667 648 quibus
674 627 691 643 in
698 627 781 648 plebibus,
788 626 823 648 [sic]
830 627 885 648 digni-

138 654 205 673 tatibus,
210 654 328 675 personatibus
332 654 358 670 vel
366 654 426 670 officiis
433 658 498 670 necnon
506 654 599 675 collegiatis
606 654 623 670 et
629 654 665 670 aliis
674 653 761 670 beneficiis
768 653 885 670 ecclesiasticis

138 681 250 702 hospitalibus
259 682 275 697 et
283 681 315 702 piis
324 681 366 697 locis
375 681 504 702 quibuscunque
515 680 653 702 patriarchatuum
664 680 791 701 provinciarum,
800 680 884 697 civitatum

138 708 154 724 et
166 707 258 724 diocesim-n
271 712 290 724 ac
302 708 375 729 parcium
388 707 498 728 predictarum
507 707 534 723 vel
546 707 567 723 ad
579 712 599 723 ea
609 707 635 723 ius
648 707 687 726 erat,
700 707 756 723 sinon
766 707 885 728 precessissent

138 734 262 751 reservaciones
275 734 377 753 huiusmodi,
390 734 430 750 alias
443 734 549 755 acquisitum,
562 735 632 755 possent
648 733 674 750 illa
688 734 779 755 providere.
792 734 836 750 licite
848 734 885 750 reti-

139 765 183 780 nere,
201 761 269 782 assequi
287 762 303 777 et
321 761 382 777 habere
400 765 418 777 ac
430 760 444 777 si
457 761 581 777 reservaciones
594 760 666 781 predicte
678 760 720 776 tacte
738 760 833 777 nullatenus
845 760 885 776 exti-

140 787 203 806 tissent,
216 792 283 804 ornnem
297 787 364 804 intamie
377 788 393 803 et
401 787 498 803 inabilitatis
510 787 592 803 maculam
605 787 640 803 sive
649 788 711 806 notam,
724 787 737 803 si
747 792 789 808 quas
798 787 885 808 propterea

139 814 260 831 contraxissent
278 814 299 831 de
317 814 409 836 apostolice
429 814 517 836 potestatis
536 813 640 835 plenitudine
660 814 751 833 abolentes,
771 813 853 835 ipsosque
869 814 885 831 et

139 846 196 858 eorum
209 842 301 862 quemlibet
313 842 409 858 auctoritate
418 842 510 862 apostolica
522 841 645 862 [hlabilitantes
657 841 735 862 predicta,
748 845 814 857 necnon
826 845 885 857 conse-

139 868 219 885 cracionis
226 873 235 884 a
243 868 344 889 patriarchis,
352 868 481 889 archiepiscopis
490 869 506 884 et
515 868 600 889 episcopis
609 872 627 884 ac
636 868 758 884 benedictionis
767 868 788 884 ab
797 868 885 884 abbatibus

140 899 206 915 munus,
215 895 256 911 alias
264 896 319 911 tamen
329 895 358 911 rite
366 896 468 916 susceptum,
477 895 493 911 et
504 895 561 911 omnia
574 895 590 910 et
602 894 673 915 singula,
682 894 723 910 alias
736 894 787 910 eciam
800 894 829 910 rite
837 895 885 915 gesta

140 922 155 937 et
174 921 288 938 administrata
300 926 330 943 per
342 926 376 941 eos,
389 926 409 938 ex
421 922 464 938 certa
482 921 551 938 scientia
571 926 608 937 curn
627 921 727 937 remissione
745 921 859 942 perceptorum
875 925 884 937 a

140 948 231 969 prelaturis,
244 948 359 969 dignitatibus,
371 948 495 969 personatibus,
508 948 574 967 officiis.
587 947 704 968 hospitalibus,
719 947 751 968 piis
767 947 807 964 locis
820 948 836 963 et
848 947 885 964 aliis

139 975 226 991 beneficiis
244 975 360 991 ecclesiasticis
378 974 477 996 supradictis
497 974 554 991 medio
573 975 649 995 tempore
669 974 750 990 fructuum
766 974 884 995 approbantes.

139 1001 170 1018 Per
182 1002 263 1023 premissa
276 1006 314 1018 vero
326 1002 451 1022 provisionibus
464 1001 484 1017 de
497 1001 639 1022 patriarchalibus,
652 1001 827 1022 archiepiscopalibus,
840 1001 884 1022 epis-

139 1028 231 1049 copalibus,
244 1028 358 1045 abbacialibus
370 1029 386 1044 et
404 1028 492 1049 quibusvis
504 1028 542 1044 aliis
555 1028 664 1049 dignitatibus
682 1028 698 1044 et
713 1027 799 1044 beneficiis
817 1027 884 1044 ecclesi-

139 1054 195 1071 asticis
207 1055 324 1076 hospitalibus,
337 1055 353 1071 et
365 1055 402 1071 aliis
414 1055 446 1076 piis
465 1055 505 1071 locis
519 1054 616 1071 huiusmodi
630 1059 696 1070 necnon
709 1054 851 1075 acceptationibus
863 1054 884 1070 de

139 1081 181 1101 ipsis
193 1082 288 1098 auctoritate
300 1081 393 1102 apostolica
405 1081 452 1097 iactis
464 1081 544 1097 nolumus
553 1081 569 1097 in
578 1081 635 1102 aliquo
644 1081 725 1102 derogari.
743 1080 763 1097 Et
775 1080 884 1097 nihilominus

140 1107 167 1123 illa
181 1112 201 1124 ex
215 1108 293 1129 predictis
313 1108 405 1129 prelaturis,
425 1108 540 1129 dignitatibus,
561 1108 683 1129 personatibus,
703 1107 768 1127 officiis,
792 1107 884 1127 beneficiis,

140 1133 251 1155 hospitalibus
263 1136 279 1151 et
291 1135 328 1151 aliis
340 1135 372 1156 piis
385 1134 431 1154 locis,
444 1139 477 1155 que
489 1135 529 1155 post
541 1134 664 1151 reservaciones
677 1134 774 1150 huiusmodi
786 1134 885 1150 vacauerant

140 1161 155 1176 et
168 1160 189 1177 de
201 1161 262 1182 quibus
275 1166 304 1182 per
316 1161 373 1178 sedem
386 1161 457 1178 eandem
465 1161 491 1177 vel
503 1161 552 1181 alios,
565 1161 585 1177 ad
598 1165 641 1182 quos
650 1165 708 1177 eorum
716 1160 814 1182 disposicio,
827 1161 840 1177 si
849 1165 884 1177 non

139 1187 210 1204 tuissent
235 1187 277 1204 tacte
294 1188 418 1205 reservaciones
435 1187 515 1209 predicte.
535 1187 624 1208 pertineret
641 1192 676 1204 non
694 1188 728 1204 erat
745 1187 786 1203 alias
804 1187 884 1203 canonice

139 1214 240 1234 ordinatum,
252 1214 362 1236 disposicioni
375 1215 431 1231 nostre
443 1219 462 1231 ac
471 1214 516 1231 sedis
525 1214 617 1235 apostolice
626 1214 698 1235 predicte
707 1218 744 1230 curn
754 1214 884 1235 interposicione

139 1240 200 1257 decreti
212 1241 291 1257 duximus
310 1241 414 1261 reservanda,
426 1245 486 1258 omnes
498 1241 516 1257 et
533 1241 609 1262 singulas
621 1241 743 1257 reservaciones
756 1240 843 1262 predictas,
856 1245 885 1261 per

139 1267 208 1283 eosdem
228 1267 355 1289 predecessores
374 1268 395 1284 de
409 1267 552 1289 patriarchalibus,
570 1267 745 1288 archiepiscopalibus,
760 1267 884 1288 episcopalibus

139 1294 253 1310 abbacialibus
262 1295 278 1310 et
286 1294 323 1311 aliis
331 1295 446 1316 dignitatibus,
455 1294 578 1315 personatibus,
587 1294 646 1310 oiiiciis
655 1294 671 1310 et
679 1294 764 1310 beneficiis
773 1294 884 1315 hospitalibus

139 1321 155 1337 et
167 1320 199 1342 piis
212 1321 252 1337 locis
272 1321 309 1337 aliis
327 1321 383 1341 tactas,
401 1322 461 1337 extunc
475 1321 491 1337 in
504 1322 553 1337 antea
566 1321 652 1340 vacaturis,
668 1321 750 1342 quatenus
763 1320 812 1337 robur
824 1320 884 1337 habere

140 1348 220 1368 poterant,
232 1347 342 1364 nihilominus
354 1349 444 1367 cassantes,
457 1348 554 1364 revocantes
567 1348 583 1364 et
594 1347 666 1364 totaliter
678 1347 788 1364 annullantes

192 1374 258 1394 Verum,
266 1374 305 1395 quia
312 1374 353 1391 circa
360 1375 420 1391 statum
428 1374 501 1395 parcium
508 1374 618 1395 predictarum
625 1374 731 1395 dirigendum
739 1375 754 1390 et
760 1373 883 1390 contovendurn

139 1404 243 1421 prosperum,
256 1401 343 1422 pacificum
355 1401 371 1417 et
385 1401 492 1422 tranquillum
505 1401 597 1422 expediens
609 1401 700 1417 admodum
713 1401 820 1420 existimatur,
838 1400 884 1421 quud
