3720 5932
912 291 953 351 73

187 499 380 566 auctoritate
413 499 520 564 innibi
544 499 666 565 fuerint
690 499 850 578 assecuti,
874 498 949 564 licet
974 496 1162 582 prebendas
1193 498 1379 582 expectent,
1405 497 1446 563 ad
1478 514 1538 562 eos
1562 496 1678 576 eciam,

188 606 244 692 qui
277 623 336 690 per
365 605 489 678 litteras
520 605 683 672 facultatis
707 604 869 670 dictorum
900 603 1173 690 predecessorum
1199 605 1233 669 in
1258 604 1441 689 aliquarum
1466 604 1677 670 ecclesiarum

188 713 370 779 canonicos
405 730 474 778 non
510 712 695 797 apostolica
732 710 791 777 sed
827 712 1020 777 auctoritate
1055 711 1291 795 recipiencfum
1323 713 1401 777 sunt
1432 711 1569 795 recepti,
1604 711 1680 777 licet

189 817 376 905 prebendas
399 818 452 884 vel
476 818 539 885 alia
557 818 721 884 beneficia
739 820 913 902 expectent
929 816 1070 896 ibidem,
1096 819 1128 883 et
1144 816 1185 882 ad
1204 835 1274 896 eos,
1300 819 1357 903 qui
1374 836 1474 902 super
1490 818 1678 902 receptione

189 943 247 992 sua
282 925 315 991 in
352 924 502 991 ecclesiis
537 925 589 990 vel
624 924 836 990 monasteriis
861 942 920 989 seu
953 923 1037 990 locis
1061 923 1135 990 aliis
1160 923 1377 1009 regularibus,
1402 924 1436 989 in
1461 923 1584 1009 quibus
1608 942 1678 990 non

187 1035 254 1098 erat
281 1033 389 1098 certus
417 1031 655 1098 canonicorum
679 1031 733 1096 vel
757 1031 992 1097 canonicarum
1003 1031 1030 1116 3)
1054 1030 1108 1096 vel
1132 1030 1370 1096 monacharum
1396 1048 1456 1096 seu
1481 1031 1677 1097 monialium

184 1141 241 1204 aut
288 1139 481 1223 quarumvis'
528 1138 665 1204 aliarum
713 1137 967 1222 personarum4)
1019 1155 1223 1222 quocunque
1268 1137 1405 1203 nomine
1446 1139 1680 1222 nuncupentur

111 1309 113 1312 ,
184 1263 345 1311 numerus
368 1245 431 1324 vel,
454 1245 481 1310 si
499 1248 567 1311 erat
591 1243 683 1330 (sict)
700 1246 732 1310 et
748 1244 870 1328 aliquis
890 1244 943 1310 vel
965 1244 1075 1328 aliqua
1091 1244 1132 1309 de
1148 1261 1287 1309 numero
1305 1242 1451 1328 predicto
1469 1247 1545 1310 ante
1568 1242 1677 1309 datam

184 1351 397 1437 presencium
426 1349 565 1417 defuerit
588 1350 642 1416 vel
666 1350 774 1416 adhuc
798 1349 894 1429 desit,
930 1350 1053 1416 litteras
1078 1350 1281 1434 apostolicas
1305 1351 1531 1434 impetrarunt,
1568 1351 1595 1416 si
1620 1369 1680 1435 per

185 1475 247 1524 eos
281 1457 334 1523 vel
369 1475 427 1523 eas
462 1476 531 1524 non
568 1458 701 1536 steterit,
738 1456 921 1541 quominus
957 1458 1078 1541 recepti
1115 1474 1174 1522 seu
1204 1460 1333 1541 recepte
1368 1456 1487 1522 fuerint
1516 1458 1550 1522 in
1581 1456 1678 1524 dictis

186 1563 354 1642 ecclesiis,
391 1564 602 1630 monasteriis
642 1564 713 1629 sive
752 1563 835 1629 locis
876 1566 1065 1647 presentem
1100 1564 1378 1629 constitucionem
1415 1564 1572 1630 volumus
1608 1582 1676 1630 non

189 1669 330 1736 extendi.
378 1668 451 1736 Nos
476 1671 614 1755 insuper
637 1670 761 1735 irritum
787 1668 996 1736 decemimus
1021 1672 1053 1736 et
1076 1671 1176 1736 inane
1200 1672 1260 1736 etc.

292 1775 416 1841 Datum
440 1775 607 1843 llvinione
631 1775 698 1842 XV.
724 1775 787 1841 kal.
811 1775 959 1841 ianuarii
984 1769 1197 1860 pontificatus
1221 1777 1357 1858 nostrii)
1383 1796 1412 1842 a.
1437 1777 1555 1861 primo.

250 1916 841 1987 bwmfflmwmwmffi

249 2005 270 2074 b
290 2007 632 2076 concessiones:Reg
652 2004 885 2070 Aven;C0d.V.

249 2095 269 2162 ⁸)
288 2095 491 2166 regularium
511 2096 565 2150 vel
585 2095 821 2149 monachorum
840 2125 875 2131 —
894 2094 959 2165 Reg,
978 2094 1065 2149 Aven.

290 2187 379 2240 certus
415 2188 606 2240 canonicorum
643 2199 773 2239 numerus
809 2185 854 2238 vel
892 2188 1080 2240 canonicarum
1117 2185 1282 2256 regularium
1319 2185 1363 2238 vel
1400 2184 1590 2238 monacharum
1628 2199 1676 2238 seu

185 2274 354 2329 monialium:
373 2275 406 2329 V.

245 2362 269 2431 4)
289 2365 528 2434 religiosarum
546 2394 582 2402 -
600 2363 666 2433 Reg.
686 2362 773 2416 Aven.

247 2450 269 2521 ὁ)
288 2452 378 2507 Verba
400 2452 590 2523 ,pontificatus
609 2452 708 2506 nostri“
731 2451 830 2506 desunt
848 2482 883 2490 —
902 2452 967 2522 Reg.
987 2451 1074 2505 Aven,

291 2544 318 2595 in
337 2541 406 2597 Cod.
425 2542 461 2597 V,
478 2543 595 2613 legimus
617 2541 805 2610 ,pontificatus
824 2545 922 2594 anno“.

902 2755 964 2834 20.
1058 2714 1061 2719 ’

191 2857 258 2913 1336
276 2859 343 2914 Mali
361 2859 386 2914 6.

189 2947 254 3018 Reg.
273 2947 333 3002 Vat.
352 2948 371 3002 t.
391 2947 439 3002 131
460 2963 502 3018 ep.
522 2948 573 3004 108
591 2948 637 3003 fol.
657 2949 699 3004 32.

638 3056 700 3137 Ad
728 3058 888 3136 futuram
919 3063 969 3136 rei
998 3063 1230 3136 memoriam.

291 3178 403 3247 Circa
427 3180 718 3248 confovendum
743 3184 774 3248 et
797 3180 1009 3267 dirigendum
1035 3185 1155 3249 statum
1179 3183 1346 3260 terrarum,
1364 3182 1503 3247 ecclesie
1525 3180 1675 3254 Romane

188 3285 379 3353 immediate
403 3287 635 3367 subiectarum,
661 3289 835 3374 pacificum
861 3307 929 3355 non
948 3308 1063 3374 parum
1081 3289 1307 3373 conspicimus
1332 3286 1498 3372 expedire,
1524 3287 1615 3372 quod
1640 3289 1674 3354 in

187 3392 335 3459 ecclesiis
368 3394 540 3478 presertim
576 3395 821 3461 cathedralibus
858 3399 889 3462 et
919 3396 992 3461 aliis
1018 3396 1185 3480 precipuis
1216 3394 1298 3461 locis
1323 3394 1566 3470 ecclesiasticis,
1592 3394 1674 3460 infra

183 3500 283 3565 terras
319 3498 454 3565 easdem
491 3501 764 3582 consistentibus,
799 3503 913 3587 prelati
949 3505 981 3568 et
1027 3504 1170 3568 rectores
1207 3500 1435 3586 preficiantur,
1471 3518 1547 3567 cum
1577 3501 1674 3566 fuerit

183 3608 397 3690 oportunum,
422 3606 558 3692 ydonei,
589 3609 646 3692 qui
683 3627 798 3692 pacem
838 3611 871 3675 et
910 3609 1074 3675 iusticiam
1115 3608 1257 3693 diligant
1295 3626 1334 3674 ac
1372 3608 1471 3673 nobis
1503 3608 1534 3672 et
1564 3607 1672 3674 eidem

183 3709 332 3784 Romane
356 3711 496 3779 ecclesie
520 3712 638 3779 fideles
663 3717 694 3780 et
719 3714 830 3781 devoti
855 3716 997 3781 existant
1022 3716 1194 3799 sciantque
1217 3715 1320 3780 velint
1341 3716 1373 3780 et
1390 3714 1521 3797 possint
1544 3713 1672 3780 eisdem

184 3818 332 3885 ecclesiis
371 3820 404 3884 et
441 3819 524 3885 locis
563 3838 698 3904 preesse
737 3822 859 3888 utiliter
894 3825 926 3888 et
966 3821 1137 3906 prodesse,
1177 3822 1241 3887 hiis
1281 3839 1361 3906 ergo
1401 3822 1433 3886 et
1464 3819 1537 3885 aliis
1576 3821 1673 3886 certis

183 3923 525 4004 consideracionibus,
543 3944 609 4010 que
627 3926 667 3991 ad
686 3927 718 3992 id
737 3931 887 3994 nostrum
905 3931 1041 3994 movent
1058 3928 1207 3993 animum
1225 3929 1256 3993 et
1273 3926 1443 4005 inducunt,
1462 3927 1672 4010 provisiones

185 4031 336 4097 omnium
373 4033 405 4096 et
439 4031 646 4116 singularum
679 4034 1045 4118 archieepiscopalium,
1082 4034 1324 4118 episcopalium
1361 4035 1393 4098 et
1422 4032 1671 4117 collegiatarum

183 4137 395 4203 ecclesiarum
432 4156 470 4203 ac
508 4139 731 4218 abbaciarum,
772 4141 1051 4206 monasteriorum
1087 4142 1119 4205 et
1159 4140 1363 4224 prioratuum
1388 4140 1671 4218 conventualium,
1720 4196 1721 4200 ,

183 4243 382 4327 regularium
418 4246 450 4309 et
486 4245 694 4323 secularium,
730 4250 960 4330 exemptorum
997 4248 1029 4310 et
1065 4264 1132 4311 non
1169 4248 1410 4330 exemptorum‚
1449 4246 1531 4311 infra
1570 4248 1671 4311 terras

181 4348 453 4428 consistencium,
479 4369 567 4416 nunc
600 4353 792 4417 vacancium
818 4353 869 4418 vel
894 4356 1122 4418 vacaturorum
1149 4353 1181 4416 in
1207 4354 1314 4430 antea,
1340 4352 1521 4436 inquibus
1557 4352 1671 4437 prelati

183 4472 242 4520 seu
268 4458 410 4521 rectores
445 4461 692 4523 consueverunt
728 4477 786 4542 per
818 4460 1014 4525 electionem
1040 4459 1177 4537 assumi,
1214 4459 1371 4543 quotiens
1395 4476 1435 4524 ea
1459 4461 1515 4524 aut
1539 4477 1595 4524 eas
1619 4459 1671 4525 vel

182 4577 242 4626 eos
281 4563 336 4626 aut
374 4561 538 4647 aliquam,
574 4564 700 4648 aliquid
725 4565 776 4630 vel
816 4566 961 4650 aliquam
1003 4567 1148 4652 ipsarum
1189 4583 1304 4631 vacare
1342 4565 1519 4650 contigerit
1556 4564 1670 4649 dispo·

182 4666 302 4732 sicioni
327 4670 438 4734 nostre
474 4672 506 4735 et
542 4670 632 4737 sedis
656 4672 841 4755 apostolice
882 4690 989 4757 usque
1028 4673 1069 4739 ad
1094 4673 1278 4750 biennium,
1310 4667 1429 4737 adata
1460 4673 1669 4756 presencium

181 4773 455 4856 computandum,
488 4778 679 4844 auctoritate
731 4779 916 4862 apostolica
962 4798 1181 4858 reservamus,
1235 4778 1399 4843 universis
1446 4778 1670 4857 ecclesiarum,

182 4880 405 4958 abbaciarum,
439 4884 717 4949 monasteriorum
754 4888 786 4950 ef
823 4887 1026 4969 prioratuum
1052 4885 1274 4970 predictorum
1308 4884 1471 4969 capitulis,
1507 4885 1669 4969 collegiis,

181 4987 403 5052 conventibus
427 4990 459 5053 et
483 4990 637 5073 personis
666 4991 845 5057 districtius
871 4992 1071 5070 inhibentes,
1107 5011 1149 5058 ne
1173 4992 1206 5057 in
1243 4990 1369 5057 eisdem
1395 4990 1436 5057 ad
1461 4990 1669 5070 electionem,

182 5093 447 5177 postulacionem
472 5097 524 5161 vel
550 5097 778 5180 provisionem
803 5098 960 5182 aliquam,
985 5099 1012 5163 si
1037 5098 1225 5164 vacacionis
1249 5099 1383 5182 tempus
1395 5097 1419 5182 1)
1437 5097 1486 5163 eis
1502 5100 1554 5162 vel
1572 5089 1666 5163 alic'ui

182 5217 221 5265 ex
254 5201 303 5266 eis
339 5200 380 5267 ad
416 5219 555 5285 presens
591 5202 762 5269 immineat
797 5204 849 5268 vel
885 5205 1042 5288 quotiens
1075 5205 1109 5270 in
1152 5206 1323 5289 posterum
1366 5203 1486 5269 eodem
1529 5203 1667 5269 durante

181 5307 319 5373 biennio
351 5308 548 5388 imminebit,
588 5312 781 5393 presumant
820 5309 997 5394 procedere
1008 5312 1033 5392 2)
1073 5312 1194 5395 quovis
1234 5308 1337 5375 modo
1377 5329 1415 5376 ac
1453 5308 1668 5377 decernentes

1528 5434 1544 5486 6
