3720 5932
934 291 954 349 3

838 375 1051 383 *—

199 496 240 563 de
264 496 371 582 Nyem
397 488 590 581 scriptorem
615 499 647 562 et
670 487 932 564 abbreviatorem
958 498 1150 566 Litterarum
1173 497 1214 562 de
1237 498 1321 564 libro
1349 500 1548 583 ,quaternus
1571 498 1684 565 albus“

199 606 390 687 nuncupato
422 606 454 668 et
477 602 651 669 Avenione
682 603 833 669 conlecto
865 622 980 669 mense
1010 604 1092 671 Maii
1120 604 1204 669 1380
1233 603 1370 670 Urbano
1394 604 1444 670 Vl.
1474 605 1613 671 sedente
1648 624 1688 671 ex

197 711 309 777 oliicio
333 711 547 795 transcriptus
572 710 662 796 est.¹)

299 816 383 883 Cod.
407 818 479 883 Vat.
505 817 633 903 39842)
707 884 716 913 ¹

256 907 260 913 ⁸
300 923 384 990 Cod.
410 923 443 989 S.
469 923 727 1009 (Sampetrinus)
753 925 794 990 ab
820 923 1021 1010 Ottentha13)
1047 927 1208 1010 signatus.

298 1031 455 1116 Denique
506 1031 547 1096 ad
598 1031 841 1096 restitutionem
892 1034 1000 1098 textus
1050 1032 1222 1117 originalis
1274 1033 1484 1118 quorundam
1539 1036 1684 1119 capitum

195 1138 416 1203 Decretalium
434 1137 572 1203 adhibui
590 1139 745 1222 quattuor
761 1136 935 1224 Codices4)
960 1158 1040 1204 mss.
1067 1140 1203 1205 membr.
1222 1139 1444 1205 Decretalium
1462 1140 1616 1226 Gregorii
1633 1143 1683 1207 XI.

195 1245 228 1309 in
253 1245 459 1310 Bibliotheca
484 1243 802 1329 Regia-Academica
824 1245 1074 1311 Vratislaviensi
1099 1264 1188 1311 nunc
1212 1249 1399 1312 asservatos
1424 1266 1483 1312 sc.:

621 1349 705 1417 Cod.
727 1351 764 1416 ll.
789 1351 810 1416 1.
835 1352 878 1417 29
903 1371 998 1418 ame
1021 1353 1067 1424 Vr
1094 1354 1246 1437 signatus

659 1488 672 1513 a
741 1485 753 1515 ς
796 1488 809 1512 2
839 1459 882 1524 30
951 1487 962 1514 ς
1024 1459 1070 1525 V2
1162 1487 1173 1516 ε

659 1595 669 1619 ε
738 1595 749 1618 ι
798 1593 809 1622 ς
838 1566 877 1630 31
950 1596 962 1620 ς
1023 1567 1071 1638 V3
1163 1597 1173 1620 ι

659 1700 670 1728 z
741 1699 752 1728 ς
797 1699 809 1728 :
838 1672 880 1737 32
950 1700 961 1729 ς
1022 1673 1070 1744 V4
1161 1701 1173 1731 ς

295 1779 388 1845 Folia
424 1779 505 1844 haec
530 1778 595 1843 iam
633 1778 689 1844 diu
726 1782 817 1845 erant
854 1781 949 1865 quasi
986 1781 1113 1865 integra
1147 1785 1340 1866 praeparata
1376 1785 1407 1847 et
1442 1782 1545 1848 semel
1582 1785 1682 1866 atque

193 1887 309 1952 iterum
339 1887 372 1951 in
402 1904 443 1951 eo
472 1904 571 1964 eram,
602 1889 636 1951 ut
665 1886 720 1951 illa
745 1887 778 1951 in
803 1887 971 1972 publicam
996 1887 1103 1953 lucem
1129 1889 1323 1967 emitterem,
1360 1888 1419 1954 sed
1445 1890 1591 1954 muneris
1616 1889 1681 1954 mei

193 1994 388 2078 urgentibus
414 1993 487 2058 aliis
512 1993 657 2077 negotiis
686 1993 884 2078 saepissime
913 1993 1077 2059 calamum
1110 2013 1268 2080 reponere
1301 1998 1332 2061 et
1367 1995 1479 2061 denuo
1516 1998 1680 2080 arreptum

191 2101 307 2164 iterum
338 2099 507 2184 deponere
539 2118 612 2165 sum
645 2102 788 2165 coactus.
837 2099 915 2180 Quo
940 2100 1061 2166 tactum
1087 2103 1146 2179 est,
1176 2105 1303 2168 utnon
1333 2121 1439 2187 pauca
1469 2101 1680 2179 documenta,

191 2226 277 2291 quae
301 2208 374 2291 ipse
404 2225 443 2272 ex
467 2206 621 2273 Archivio
649 2206 810 2273 Vaticano
835 2210 966 2273 exarata
990 2208 1192 2292 publicanda
1216 2210 1325 2288 statui,
1357 2228 1445 2274 nunc
1469 2228 1487 2274 a
1511 2226 1564 2273 me
1590 2212 1681 2274 erant

190 2314 385 2400 separanda,
411 2315 489 2398 quia
514 2315 556 2381 ab
580 2314 654 2380 aliis
679 2314 809 2379 interim
834 2315 923 2400 typis
948 2318 1025 2381 sunt
1050 2333 1181 2382 excusa.
1229 2317 1385 2401 Denique
1409 2316 1464 2381 vix
1488 2312 1680 2381 addendum

189 2422 258 2499 erit,
285 2439 338 2486 me
363 2422 396 2486 in
422 2422 485 2487 hoc
508 2424 644 2487 tractatu
674 2421 836 2487 canonico
868 2422 1029 2488 orationis
1065 2422 1187 2488 latinae
1223 2426 1375 2489 ornatum
1412 2426 1444 2489 et
1479 2423 1678 2507 elegantiam

189 2528 230 2593 de
267 2528 429 2594 industria
465 2546 534 2594 non
570 2529 778 2612 quaesivisse
803 2528 861 2594 sed
898 2529 1011 2613 potius
1047 2529 1102 2595 illa
1126 2531 1302 2596 verborum
1327 2532 1423 2615 copia
1449 2549 1487 2596 ac
1519 2533 1679 2596 structura

188 2635 418 2721 loquendique
435 2635 679 2701 consuetudine
692 2653 774 2701 usus
788 2654 873 2714 sum,
896 2636 1032 2720 quaein
1065 2636 1138 2702 aliis
1156 2637 1286 2721 scriptis
1305 2638 1475 2704 canonicis
1493 2636 1676 2722 etquidem

188 2744 221 2808 in
253 2744 336 2828 ipsis
368 2742 675 2810 constitutionibus
706 2741 910 2828 Apostolicis
942 2744 1133 2827 praesertim
1166 2743 1242 2809 dicti
1267 2745 1428 2830 temporis
1453 2744 1676 2810 inveniuntur.

251 2975 272 3041 1)
292 2974 331 3029 01.
355 2975 449 3046 Tangl,
478 2975 529 3028 Die
553 2974 654 3044 Papstl.
683 2973 960 3044 Kanzleiordnungen¹
985 2973 1160 3028 1200-1500
1178 2990 1205 3042 p.
1224 2975 1255 3038 X,
1275 2974 1339 3038 LIV,
1360 2975 1413 3028 LV.
1450 2973 1539 3028 Mitth.
1559 2973 1585 3027 d.
1614 2973 1677 3026 lnst.

293 3064 311 3118 1.
332 3064 421 3119 Oestr.
442 3063 551 3119 Geschi.
572 3064 603 3124 X,
623 3063 683 3117 464.

250 3152 272 3221 ²)
292 3152 333 3208 01.
354 3153 505 3218 Ottenthal,
526 3153 645 3224 Regulae
665 3150 846 3206 Cancellariae
865 3151 1040 3220 Apostolicae
1059 3167 1084 3220 p.
1105 3152 1157 3205 XL.

292 3243 376 3314 Tangl
396 3244 412 3297 l.
432 3258 454 3296 c.
474 3258 500 3312 p.
521 3242 606 3296 LXXI.
626 3243 725 3309 —qui
753 3242 928 3294 iniudicatum
957 3241 1089 3310 relinquit,
1114 3242 1202 3294 utrum
1222 3239 1290 3295 Cod.
1309 3242 1341 3295 V.
1362 3256 1395 3295 ex
1414 3241 1515 3296 Codice
1535 3240 1565 3295 B.
1585 3256 1619 3294 an
1643 3257 1676 3295 ex

169 3316 246 3399 =ipso
275 3332 343 3386 libro
370 3334 499 3401 quaterno
528 3331 591 3384 albo
620 3330 725 3384 duxerit
753 3332 894 3400 originem.
931 3330 994 3384 Mea
1020 3329 1130 3399 quidem
1157 3331 1290 3383 sententia
1310 3344 1342 3383 ex
1361 3331 1512 3383 numerosis
1531 3329 1675 3383 verborum

185 3421 391 3486 variationibus,
436 3436 503 3491 quas
545 3423 571 3473 in
609 3420 779 3474 documentis
816 3420 898 3487 partis
935 3419 978 3473 Vt.
1016 3421 1043 3472 et
1078 3419 1131 3473 Vll.
1173 3418 1253 3472 huius
1291 3419 1372 3472 libelli
1410 3419 1549 3483 videmus,
1596 3419 1676 3487 plane

185 3513 357 3579 perspicuum
386 3512 427 3564 est
455 3512 599 3578 utrumque
627 3509 749 3563 codicem
777 3508 901 3563 hausisse
927 3524 960 3562 ex
988 3508 1097 3562 diverso
1120 3507 1195 3562 fonte
1214 3511 1241 3561 in
1270 3508 1360 3561 multis
1389 3509 1478 3561 tamen
1507 3509 1573 3561 locis
1592 3507 1674 3562 altini.

185 3598 354 3670 Originalem
367 3615 432 3653 vero
451 3600 562 3663 iontem,
583 3598 678 3652 saltem
699 3600 725 3651 in
745 3600 875 3667 quantum
888 3598 923 3652 ad
937 3597 1004 3652 Cod.
1015 3598 1047 3652 V.
1067 3599 1169 3661 attinet,
1189 3600 1234 3651 vix
1253 3600 1305 3651 iam
1325 3598 1413 3652 dictus
1433 3599 1578 3665 quaternus
1597 3597 1675 3651 albus

185 3687 312 3741 exhibere
330 3689 428 3756 potest,
448 3690 509 3757 quia
523 3687 592 3742 Cod.
607 3688 639 3742 V.
653 3704 677 3742 v.
692 3704 719 3759 g.
733 3691 760 3741 in
774 3689 860 3756 capite
882 3687 936 3751 ,Ex
955 3687 1062 3741 debito“
1084 3687 1159 3741 solus
1178 3688 1261 3741 multa
1280 3689 1399 3741 continet
1417 3687 1499 3741 verba
1519 3689 1674 3757 praesertim

184 3777 306 3830 ordinem
325 3776 544 3831 Cistersiensium
563 3778 740 3845 respicientia,
765 3777 799 3831 ad
819 3792 900 3846 quem
919 3778 989 3831 certe
1009 3777 1102 3831 habuit
1121 3779 1213 3830 nescio
1233 3792 1300 3845 quas
1319 3777 1470 3830 relationes
1509 3775 1624 3830 Codices
1644 3776 1674 3830 B.

184 3867 210 3919 et
228 3866 260 3920 V.
281 3868 481 3935 repraesentant
500 3867 717 3934 transcriptiones
737 3865 868 3934 quasdam
887 3866 968 3934 paulo
987 3868 1108 3920 accurate
1127 3865 1218 3930 iactas,
1238 3881 1307 3936 quae
1326 3868 1424 3930 tamen,
1443 3868 1515 3920 vitiis
1535 3866 1674 3936 neglectis,

184 3955 217 4009 ad
246 3955 420 4026 conigendos
449 3955 595 4009 nonnullos
626 3955 709 4018 locos
739 3957 783 4023 qui
812 3970 883 4008 nunc
911 3958 938 4009 in
967 3955 1130 4010 editionibus
1159 3958 1277 4023 corporis
1306 3958 1369 4009 iuris
1398 3958 1517 4009 canonici
1543 3956 1674 4009 habentur

183 4047 315 4114 impressi,
335 4045 449 4098 multum
469 4043 561 4099 aliene
580 4045 702 4112 possunt.
741 4043 905 4098 Huiusmodi
923 4045 1007 4099 verba
1026 4045 1167 4098 emendata
1186 4045 1295 4099 fortiore
1317 4046 1443 4115 insignita
1457 4046 1520 4098 sunt
1541 4047 1673 4113 scriptura

183 4135 209 4186 in
229 4133 271 4188 Vl.
291 4135 366 4202 parte
385 4134 465 4187 huius
485 4132 575 4186 libelli.

245 4221 266 4290 8)
287 4222 327 4277 01.
357 4222 499 4277 Ottenthal
523 4222 539 4275 l.
560 4237 581 4275 c.
605 4236 631 4290 p.
660 4221 876 4275 XLVI—XLVII.
915 4220 983 4276 Cod.
1003 4221 1029 4276 S.
1059 4237 1129 4275 nunc
1157 4224 1183 4275 in
1213 4221 1295 4292 Regia
1324 4220 1490 4274 Bibliotheca
1519 4220 1672 4274 Eriordensi

182 4313 335 4366 asservatus
358 4313 423 4365 mihi
447 4326 502 4365 non
529 4312 585 4364 erat
610 4310 644 4364 ad
667 4325 808 4364 manus-
823 4311 857 4364 ad
880 4325 973 4379 preces
995 4326 1069 4364 meas
1094 4313 1184 4379 accepi
1204 4312 1307 4379 partem
1327 4313 1421 4379 capitis
1447 4310 1504 4373 ,Ad
1525 4310 1668 4380 Regimen‘

180 4403 374 4470 transcriptam,
396 4416 475 4470 quam
494 4401 529 4454 ad
549 4401 776 4468 comparationem
795 4415 856 4453 cum
876 4399 964 4454 Codd.
984 4399 1013 4452 B.
1034 4401 1060 4454 et
1079 4399 1110 4453 V.
1131 4400 1250 4453 adhibui.

243 4492 265 4556 1)
285 4489 325 4544 01.
345 4489 500 4560 Friedberg,
520 4489 600 4558 Corp.
619 4488 673 4542 tur.
695 4487 761 4542 Can.
782 4489 808 4543 ll.
846 4489 1041 4559 Prolegonena
1062 4504 1087 4555 p.
1109 4488 1192 4542 LXlll.

287 4579 409 4643 Theiner,
430 4579 641 4648 Disquisitiones
660 4580 765 4632 criticae
784 4593 810 4646 p.
830 4578 865 4633 63
884 4593 943 4647 sqq,
964 4577 1009 4631 ubi
1030 4577 1238 4646 descriptionem
1258 4579 1389 4631 invenies.
