1023 1631
521 141 545 156 4ss

212 193 278 210 Deinde
290 194 334 211 idem
346 193 424 211 Pontitex
434 203 457 205 Ἀ
469 194 485 210 in
497 193 530 210 hac
541 197 610 214 quoque
625 193 671 214 parte
683 192 797 209 ordinationes
810 191 873 208 Urbani
884 192 904 208 V.

159 225 232 242 sequens
238 230 261 232 —
267 220 375 242 dispositioni
383 225 424 237 suae
432 220 523 237 reservavit
531 220 588 236 omnia
597 219 683 239 beneficia,
692 224 735 240 quae
743 223 773 240 per
781 219 904 235 assecutionem

159 247 230 264 aliorum
244 252 274 267 „ex
285 249 339 264 nunc“
353 248 400 264 erant
411 247 510 264 dimittenda
523 246 616 268 eademque
628 246 678 263 etiam
691 246 708 262 in
720 246 752 262 hoc
764 250 803 262 casu
816 245 906 262 declaravit

159 274 219 291 affecta
239 274 263 293 ,si
282 274 309 291 illa
328 279 358 295 per
377 274 441 291 obitum
460 274 552 290 obtinentis
572 273 598 290 vel
614 273 654 290 alias
670 277 720 294 quam
737 277 766 294 per
781 272 905 289 assecutionem

160 301 214 323 ipsam
226 305 284 318 vacare
296 301 415 322 contigerit„.¹)

213 327 292 344 Similiter
304 328 363 344 eudem
376 328 403 344 die
413 328 443 349 (sc.
452 327 467 344 3.
475 327 520 347 Jan.)
532 327 618 343 renovavit
630 326 759 343 reservationem
771 326 906 347 praedecessoris

160 355 186 371 sui
198 355 240 371 circa
252 354 333 371 beneficia
345 355 421 371 vacatura
434 359 454 371 ex
465 359 516 371 causa
532 354 610 370 contracti
627 353 765 375 matrimoniii)
777 362 798 364 ᾉ
811 353 833 369 ita
844 353 906 373 tamen,

161 382 179 398 ut
190 381 218 398 illa
230 381 317 398 haberetur
329 381 411 402 specialis.

213 408 274 424 Postea
281 408 308 424 die
315 408 371 424 4.Jan.
378 408 452 429 reliquae
457 407 549 429 Regulae³)
557 407 668 424 Cancellariae
674 407 781 428 Apostolicae
788 407 809 423 ab
813 406 906 423 UrbanoV.

161 435 215 452 editae
228 435 249 451 ab
261 435 297 451 eius
308 439 404 451 successore
413 439 450 451 cum
460 434 561 456 quibusdam
570 434 742 455 modificationibus«)
752 434 853 455 approbatae
863 434 906 450 sunt.

214 462 254 478 Item
266 461 293 478 die
305 462 320 478 9.
332 461 369 478 Jan.
382 466 395 478 e.
409 466 423 478 a.
436 461 495 477 iterum
511 461 619 482 dispositioni
636 465 676 477 suae
688 461 777 477 reservavit
793 461 907 480 canonicatus,

161 488 270 510 praebendas,
283 488 377 509 dignitates,
390 488 490 509 personatus
501 488 529 504 vel
541 487 596 504 officia
604 488 691 508 ceteraque
703 487 784 504 beneficia
796 487 908 504 ecclesiastica

162 515 252 532 saecularia
261 515 277 531 et
284 515 365 536 regularia
374 519 411 531 cum
420 519 458 531 cura
466 515 493 531 vel
501 515 538 531 sine
547 519 585 530 cura
593 515 681 535 tempore
694 514 761 530 obitus
773 514 907 535 praedecessoris

161 542 252 558 vacantia
264 551 286 554 —
297 546 338 563 ergo
350 542 400 558 etiam
413 541 489 558 nundum
501 541 584 557 reservata
594 551 616 553 —
626 541 698 557 attamen
711 545 745 557 non
758 541 815 557 omnia
827 540 856 557 sed
871 541 908 560 „illa

162 568 242 588 videlicet.
256 568 273 585 in
287 569 347 590 quihus
360 568 404 585 idem
414 568 493 585 dominus
502 569 560 584 noster
567 567 672 589 providendo
681 572 710 584 seu
720 567 816 584 mandando
824 568 907 589 provideri

162 595 183 612 de
196 595 228 612 illis
241 595 338 611 huiusmodi
350 595 462 612 reservatione
473 595 545 611 voluerit
557 594 614 615 uti.“5)

217 622 283 638 Deinde
301 622 361 638 eodem
379 622 406 638 die
423 621 518 641 declaravit,
536 626 596 637 omnes
613 621 721 638 canonicatus
736 622 752 637 et
767 621 870 642 praebendas
887 626 906 637 ac

163 649 258 670 dignitates,
274 649 379 670 personatus,
395 648 450 665 officia
466 649 555 669 ceteraque
571 648 653 664 beneficia
667 648 778 664 ecclesiastica
791 648 879 664 saecularia
891 648 906 664 et

163 675 243 697 regularia
256 680 269 692 c.
282 680 320 692 cura
332 676 373 692 ets.
386 680 424 692 cura
440 675 473 691 iam
493 675 515 691 ab
535 675 604 691 Urbano
623 675 642 691 V.
663 675 762 691 reservata
783 676 801 691 et
820 676 908 696 tempore

164 702 231 719 obitus
243 702 319 718 eiusdem
334 702 424 719 vacantia
436 702 538 718 remansisse
549 701 657 722 dispositioni
669 706 710 718 suae
722 702 792 718 omnino
804 701 908 723 reservata.⁶)

217 729 280 746 Ultimo
292 729 330 745 loco
343 729 369 745 die
382 729 408 745 30,
420 729 475 745 Martii
490 728 549 750 13747)
562 733 592 749 pro
604 729 679 749 tempore
692 728 754 749 pestis
766 729 805 744 tunc
817 728 909 749 grassantis

164 755 195 772 sibi
208 756 297 772 reservavit
309 760 368 772 omnes
381 755 475 777 dignitates,
488 756 594 776 personatus.
606 755 661 771 oiiicia
674 759 692 771 ac
704 755 786 771 beneficia
798 755 909 771 ecclesiastica

164 782 254 799 saecularia
267 783 283 798 et
295 782 376 803 regularia
394 787 431 798 cum
449 787 487 798 cura
505 782 532 798 vel
550 782 587 798 sine
602 786 640 798 cura
657 786 806 803 „quorumcunque
823 782 909 798 curialium

164 810 180 827 et
196 809 266 826 aliorum
282 809 303 826 ad
314 809 407 828 Romanam
420 809 486 826 Curiam
500 813 531 831 pro
548 809 582 826 suis
598 808 671 830 negotiis
687 808 810 825 accedentium*
828 809 856 830 qui
868 808 909 826 torte

165 837 267 853 morerentur
279 837 296 853 in
308 837 350 853 locis
362 842 371 853 a
383 836 433 853 Curia
445 837 486 853 ultra
498 837 541 853 duas
556 836 608 853 dietas
623 836 685 857 legales
698 841 732 852 non
748 836 821 855 remotis,
837 837 865 853 ubi
877 836 909 857 ipsi

165 864 207 880 dicta
231 864 312 880 beneficia
335 864 361 880 vel
385 864 475 884 dignitates
489 865 520 879 etc,
538 863 632 879 obtinerent
655 863 681 879 vel
705 863 721 879 in
745 864 831 884 posterum
855 864 911 879 essent

165 890 261 910 assecuturi,
283 890 390 907 dummodo
410 890 433 906 ad
454 895 475 906 ea
495 895 516 906 se
536 890 672 906 contulissent
692 894 733 906 cum
755 890 867 906 intentione
888 890 910 906 ad

165 917 244 933 Curiam
257 917 320 938 ipsam
333 917 421 938 proxime
434 917 554 938 redeundi.¹³)

197 971 208 987 ¹)
218 970 268 984 Ibidem
278 970 296 983 ri⁰
305 970 326 983 24.

197 992 208 1009 π)
238 998 243 1004 s
279 992 297 1005 uo
306 992 327 1006 29.

197 1015 209 1032 ε)
238 1021 244 1026 -
281 1014 298 1028 ne
307 1015 338 1029 322.

196 1037 208 1055 ⁴)
238 1043 243 1048 =
279 1037 298 1056 pv
307 1037 325 1050 ao
334 1037 351 1050 uu
360 1037 382 1053 33,
392 1037 413 1052 34,
423 1037 444 1050 35,

197 1059 209 1076 ⁶)
219 1059 270 1073 Ibidem
280 1059 288 1072 1.
298 1063 309 1072 e
319 1059 336 1072 uu
345 1059 366 1072 36.

220 1082 302 1095 Huiusmodi
312 1082 384 1095 reservatio
394 1081 410 1094 au
421 1081 529 1094 antecessoribus
539 1081 567 1094 suis
578 1084 646 1098 nunquam
656 1080 690 1094 tacta
700 1081 725 1093 est.

198 1104 209 1121 κ)
218 1104 270 1117 itidem
279 1104 288 1117 i,
298 1108 309 1117 c.
319 1103 337 1117 n⁰
345 1103 366 1117 37,

220 1126 246 1139 oie
255 1126 276 1139 25.
286 1126 330 1139 Martii
341 1126 374 1139 1372
384 1126 457 1143 publicavit
472 1125 516 1139 dictus
526 1125 588 1139 Pontifex
598 1125 650 1139 sunam
660 1125 732 1143 iegeudarri
742 1125 755 1138 iu
765 1124 809 1138 Cena
819 1124 891 1138 Domini.

220 1148 267 1166 Maga.
277 1148 311 1161 auli.
322 1148 359 1163 Rem
370 1148 377 1162 ι,
388 1152 398 1161 a.
408 1152 421 1165 ρ.
431 1148 457 1161 539
467 1151 496 1165 sqq.

199 1171 210 1188 τ)
220 1171 271 1184 nudem
281 1175 294 1188 ρ,
304 1171 320 1184 41
331 1171 349 1184 ην
358 1171 379 1184 76,

198 1193 209 1210 ε)
219 1193 258 1207 Hauc
268 1193 328 1206 unimam
338 1192 411 1206 clausulam
421 1193 434 1206 in
444 1192 511 1206 similibus
522 1192 578 1205 decretis
588 1192 688 1205 autecessorum
699 1192 746 1205 nullibi
756 1192 834 1209 reperimus.
