3720 5932
937 326 976 384 12

209 530 574 617 Apostolicam“¹)
614 531 774 596 vacantia.
821 532 951 598 Dictam
992 551 1070 599 vero
1108 532 1466 598 consue-tudinem
1498 531 1701 620 laudabilem

211 639 370 706 Clemens
392 638 442 703 lV.
465 656 554 702 nunc
589 639 782 703 auctoritate
817 637 1013 723 Apostolica
1050 639 1248 724 approbavit
1272 642 1304 704 et
1343 639 1577 705 inviolabiliter
1596 639 1703 705 voluit

209 746 388 812 observari.
435 745 533 810 Nunc
557 762 637 829 ergo
662 745 807 828 praelata
829 746 1134 828 consuetudo2)
1162 746 1291 812 transiit
1316 745 1349 811 in
1378 747 1442 811 ius
1471 765 1700 812 commune.

209 853 312 918 Porro
338 851 497 918 Clemens
519 851 568 916 lV.
592 851 625 916 in
652 851 862 917 conterendis
884 851 1077 918 huiusmodi
1099 853 1272 919 beneficiis
1294 870 1429 918 omnem
1451 856 1700 919 concurrentem

209 959 438 1025 auctoritatem
474 957 686 1035 ordinariam,
727 957 934 1025 excludendo
972 959 1108 1025 irritavit
1143 978 1262 1026 omnes
1298 960 1435 1025 litteras
1472 978 1702 1044 quascumque

209 1065 383 1150 generales
407 1065 459 1129 vel
485 1064 647 1148 speciales
672 1066 714 1130 ab
729 1063 923 1148 Apostolica
941 1065 1028 1132 Sede
1053 1084 1153 1151 super
1174 1066 1362 1150 aliquorum
1380 1067 1573 1151 provisione
1598 1067 1700 1133 libere

208 1170 360 1237 iacienda
377 1170 472 1236 datas
500 1171 583 1247 „nisi
604 1171 633 1235 ei
659 1169 693 1254 (i.
712 1189 739 1235 e.
758 1172 906 1238 collatori
924 1173 1083 1260 interiori)
1108 1177 1198 1239 esset
1214 1191 1314 1257 super
1338 1172 1548 1239 conterendis
1573 1173 1700 1239 eisdem

209 1279 242 1343 in
268 1277 368 1344 Curia
392 1277 542 1350 Romana
571 1278 766 1343 vacantibus
803 1280 1012 1363 specialis
1048 1284 1087 1345 et
1122 1298 1327 1364 expressa
1363 1281 1406 1346 ab
1437 1280 1512 1364 ipso
1537 1279 1700 1347 Pontifice

210 1404 342 1450 summa
383 1385 560 1451 auctoritas
600 1385 787 1450 attributa“.
840 1387 874 1451 ln
913 1387 981 1453 iine
1023 1387 1100 1453 dicti
1139 1387 1258 1471 capitis
1295 1388 1478 1472 reperimus
1517 1386 1700 1453 clausulam

207 1495 401 1558 consuetam
426 1491 510 1557 iacta
535 1492 567 1556 in
591 1493 791 1557 contrarium
817 1493 1007 1560 irritantem.

315 1597 381 1664 Sed
397 1597 635 1682 Gregorius
651 1598 721 1663 PP.
742 1598 780 1664 X.
799 1618 858 1684 per
874 1602 1157 1680 constitutionem,
1176 1619 1261 1685 quae
1279 1601 1395 1685 incipit
1415 1599 1700 1687 „Statutum“³)

209 1707 242 1770 in
299 1706 442 1772 concilio
500 1705 648 1789 generali
707 1706 924 1790 Lugdunensi
978 1708 1011 1773 ll.
1076 1707 1324 1792 promulgatum
1390 1707 1470 1772 illud
1532 1707 1700 1773 decretum

208 1811 391 1878 Clementis
415 1812 465 1876 lV.
498 1812 543 1877 ita
570 1812 761 1878 moderatus
797 1817 856 1892 est,
882 1818 917 1879 ut
941 1815 1115 1880 collatores
1139 1814 1296 1881 ordinarii
1320 1814 1372 1879 vel
1397 1815 1481 1899 ipsis
1505 1815 1700 1880 absentibus

208 1938 323 2009 eorum
352 1919 466 1985 vicarii
490 1920 663 2004 generales
695 1938 769 1985 cunr
802 1921 960 1987 mandato
985 1922 1121 2006 speciali
1145 1922 1294 1987 instructi
1319 1921 1513 1987 huiusmodi
1538 1921 1700 1988 beneficia

208 2029 241 2091 et
264 2026 445 2111 dignitates
474 2027 506 2090 in
532 2025 631 2092 Curia
660 2031 816 2092 vacantes
848 2032 945 2111 post
970 2047 1153 2094 mensem
1186 2048 1223 2105 „a
1253 2027 1317 2106 die,
1343 2046 1410 2112 quo
1435 2027 1615 2112 dignitates
1640 2046 1699 2093 seu

208 2133 370 2198 beneficia
402 2133 476 2218 ipsa
510 2133 698 2199 vacaverint
733 2134 995 2200 numerandum“
1035 2135 1183 2201 conterre
1222 2135 1368 2219 possint;
1408 2133 1501 2218 quod
1539 2135 1699 2218 temporis

208 2241 353 2324 spatium
371 2258 451 2305 sane
476 2258 545 2306 non
570 2240 602 2304 in
628 2239 743 2305 odium
769 2241 828 2307 sed
853 2242 887 2306 in
910 2243 1093 2308 tavorem
1119 2242 1331 2308 ecclesiarum
1357 2244 1516 2307 statutum
1546 2243 1623 2320 erat,
1656 2259 1698 2305 ne

208 2345 333 2412 diutius
356 2365 431 2412 curn
458 2348 642 2412 animarum
668 2346 866 2414 detrimento
890 2353 1053 2415 vacarent.
1093 2349 1264 2415 Praeterea
1285 2349 1430 2433 spatium
1448 2347 1529 2413 illud
1546 2366 1615 2414 non
1632 2351 1700 2413 erat

207 2453 469 2537 computandum
495 2473 513 2519 a
537 2456 698 2538 tempore,
728 2473 795 2538 quo
824 2456 1018 2523 huiusmodi
1042 2457 1233 2523 vacationes
1257 2455 1384 2528 Romae
1409 2454 1699 2533 denuntiabantur,

119 2642 123 2649 ἢ
208 2559 267 2626 sed
293 2578 360 2644 quo
386 2561 461 2626 illae
485 2560 527 2626 de
550 2561 636 2627 tacto
659 2562 866 2628 habebantur
881 2582 982 2629 causa
999 2565 1114 2630 mortis
1131 2563 1331 2642 beneficiati,
1357 2562 1549 2646 dictumque
1566 2566 1700 2646 tempus

208 2668 356 2733 currebat
380 2667 479 2733 etiarn
504 2668 610 2734 inscio
636 2672 668 2733 et
691 2669 795 2735 invito
820 2670 972 2743 Romano
997 2670 1169 2737 Pontifice.

315 2790 403 2857 Sane
428 2791 600 2864 Romanus
624 2792 780 2859 Pontifex
804 2795 904 2860 etiam
938 2799 1016 2879 post
1039 2797 1216 2862 terminum
1248 2795 1400 2879 elapsum
1432 2813 1559 2861 moram
1591 2795 1700 2878 potuit

209 2917 362 2983 purgare,
387 2898 574 2965 dummodo
599 2918 650 2965 res
675 2900 783 2968 adhuc
808 2905 898 2967 esset
922 2904 1050 2987 integra
1076 2904 1095 2968 i.
1112 2922 1140 2968 e.
1166 2897 1353 2968 ordinarius
1377 2903 1441 2967 loci
1467 2902 1508 2967 de
1533 2901 1699 2967 beneficio

208 3008 285 3090 post
310 3023 460 3080 mensem
486 3006 636 3072 nondum
674 3007 910 3093 disposuisset.
958 3009 1088 3075 Eodem
1114 3011 1147 3074 in
1172 3010 1280 3094 capite
1305 3008 1489 3093 Gregorius
1516 3007 1554 3073 X.
1580 3027 1699 3074 omnes

207 3113 485 3199 procuratorum4)
532 3115 776 3199 episcopalium
824 3116 858 3180 in
899 3116 989 3183 Urbe
1029 3117 1222 3201 degentium
1269 3115 1402 3181 iraudes
1449 3118 1480 3180 et
1526 3114 1699 3201 malitias⁵)

315 3308 401 3362 Eubel
420 3309 436 3362 l.
457 3324 479 3362 c.
499 3324 525 3377 p.
547 3309 605 3364 173.

314 3398 462 3451 Hinsclrius
481 3398 497 3451 l.
518 3413 540 3451 c.
560 3414 586 3467 p.
608 3399 666 3453 128.

313 3487 412 3557 Konig,
432 3487 481 3540 Die
501 3488 598 3556 papstl.
618 3488 744 3545 Kammer
764 3491 840 3543 unter
859 3488 987 3544 Clemens
1007 3491 1040 3545 V.
1060 3508 1085 3544 u.
1105 3491 1166 3545 Joh.
1186 3490 1260 3544 XXII.
1281 3507 1306 3560 p.
1329 3492 1351 3544 1.

315 3576 393 3630 Nunc
412 3591 477 3629 vero
497 3578 560 3645 post
579 3577 740 3645 completam
760 3579 970 3647 publicationem
990 3581 1158 3649 regestorum
1178 3581 1241 3634 dicti
1260 3580 1398 3634 Pontificis
1426 3593 1481 3632 non
1501 3578 1600 3631 desunt
1618 3578 1699 3630 huius

206 3668 242 3719 rei
262 3666 416 3719 testimonia
436 3668 500 3719 satis
520 3666 595 3719 firma
609 3667 689 3735 atque
703 3670 851 3736 perspicua.
890 3669 1021 3738 Exemplo
1034 3670 1069 3723 sit
1086 3684 1213 3738 expressa
1232 3670 1375 3723 declaratio
1394 3671 1479 3736 ipsius
1493 3666 1641 3721 Clementis
1655 3665 1698 3719 IV.

207 3755 268 3808 data
288 3755 332 3808 die
357 3755 396 3808 11.
411 3755 482 3808 lunii
499 3755 567 3809 1266
585 3758 665 3824 priori
685 3758 712 3810 et
731 3759 876 3811 conventui
897 3773 968 3812 mon.
989 3759 1191 3830 Blangiacensis
1211 3758 1320 3826 (Jordan
1334 3758 1350 3810 1.
1365 3773 1386 3810 c.
1401 3755 1436 3810 n⁰
1448 3756 1519 3823 319).
1557 3754 1598 3809 Ci.
1618 3756 1698 3808 etiarn

206 3842 240 3897 n⁰
261 3843 318 3907 706,
344 3845 389 3897 ubi
409 3842 533 3897 Pontiiex
561 3844 655 3898 sedern
683 3845 835 3900 Patiensem
864 3849 1006 3902 vacantem
1034 3864 1082 3917 per
1110 3850 1223 3902 mortem
1247 3848 1374 3916 Episcopi
1399 3850 1430 3899 in
1459 3848 1548 3900 curia
1577 3843 1698 3897 deiuncti

206 3933 401 4001 specialiter
420 3934 470 3986 sibi
491 3935 608 3987 reservat
630 3935 695 3997 „hac
713 3937 787 3988 vice“
810 3936 843 3989 ad
863 3937 1035 3991 relevandam
1055 3938 1199 4007 praefatam
1220 3938 1313 3991 sedern
1334 3952 1348 3990 a
1368 3938 1463 3990 noxiis.

274 4040 295 4107 1)
316 4040 417 4094 Vacare
439 4041 526 4109 „apud
547 4040 645 4095 Sedenr
665 4041 865 4110 Apostolicam“
888 4043 961 4097 idem
981 4048 1022 4098 est
1041 4060 1071 4099 ac
1094 4048 1135 4108 „in
1155 4047 1250 4098 curia.“

314 4128 354 4183 Cl.
376 4129 465 4184 Gloss.
487 4129 521 4182 ad
540 4129 573 4184 V.
596 4133 637 4194 „in
657 4133 743 4185 curia“
766 4147 787 4185 c.
807 4132 832 4186 3.
853 4132 889 4186 ΙΙΙ.
910 4133 927 4186 4
946 4135 973 4186 in
993 4132 1053 4193 V10.

312 4218 422 4288 Pirbing
442 4219 457 4271 l.
478 4235 499 4273 c.
521 4235 546 4274 n.
566 4220 627 4274 327.

312 4307 422 4361 Garcias
442 4308 457 4361 l.
478 4324 499 4362 c.
520 4324 545 4361 n.
565 4309 608 4373 68,
628 4310 670 4365 69.

267 4413 289 4482 2)
309 4414 368 4468 Jam
386 4415 554 4484 temporibus
574 4416 720 4471 Innocentii
740 4418 789 4472 PP.
804 4418 842 4472 lll.
863 4420 975 4473 mortem
990 4422 1018 4472 in
1036 4422 1106 4473 curia
1127 4420 1246 4472 habitam
1269 4418 1353 4471 tuisse
1375 4433 1482 4471 causam
1497 4417 1698 4478 Reservationis

205 4502 379 4572 Apostolicae
404 4503 522 4558 dilucide
550 4507 661 4574 apparet
689 4509 740 4559 iarn
761 4523 793 4560 ex
813 4523 835 4560 c.
855 4508 897 4562 26.
917 4508 947 4561 X.
968 4508 1002 4561 de
1021 4509 1112 4577 praeb.
1132 4507 1169 4561 lll.
1189 4506 1214 4561 5.
1234 4522 1314 4576 supra
1334 4507 1482 4561 memorato
1502 4507 1536 4560 ad
1555 4508 1697 4562 ecclesiam

205 4592 444 4647 Vratislaviensem
463 4596 621 4663 pertinente.
660 4595 723 4661 Quo
743 4599 815 4649 enim
835 4599 861 4649 in
876 4598 962 4666 capite
975 4597 1058 4650 verba
1072 4597 1116 4650 illa
1138 4596 1226 4665 „apud
1239 4595 1339 4650 Sedem
1352 4595 1553 4663 Apostolicam“
1576 4597 1697 4665 spectant

205 4682 240 4736 ad
259 4684 349 4752 partes
368 4682 482 4737 decisas.
503 4683 535 4737 ci.
555 4684 583 4738 P.
604 4684 646 4739 VI.
667 4683 703 4737 n⁰
722 4686 746 4739 2.

269 4789 290 4858 ³)
311 4806 333 4844 c.
352 4790 377 4845 3.
398 4790 433 4844 de
451 4791 542 4859 praeb.
562 4792 579 4845 4
598 4794 625 4844 in
645 4791 696 4846 v10
716 4816 748 4838 =
768 4808 790 4846 c.
811 4793 852 4845 21.
873 4791 956 4846 Cone.
978 4793 1063 4862 Lugd.
1083 4793 1110 4847 ll.
1130 4792 1219 4860 (1274.
1239 4792 1309 4846 Nov.
1332 4792 1367 4860 1).

313 4880 379 4934 Jean
399 4880 521 4934 Guiraud
541 4881 557 4935 l.
577 4897 598 4935 c.
618 4882 637 4934 l.
657 4880 692 4934 n⁰
710 4880 763 4935 576
782 4881 828 4949 (de
848 4881 1009 4950 praebendis
1029 4884 1056 4934 et
1075 4881 1252 4951 dignitatibus
1271 4897 1296 4950 p.
1317 4881 1388 4949 247).

268 4986 291 5055 ⁴)
312 4986 352 5041 Ci.
373 4987 465 5041 Gloss.
485 4987 520 5041 ad
538 4987 571 5041 V.
594 5002 656 5056 „per
674 5003 705 5041 se
724 4991 824 5056 ipsos“.

311 5076 431 5140 Breslau‚
451 5075 676 5131 Urkundenlehre
695 5078 712 5130 l.
732 5093 758 5146 p.
778 5077 839 5131 681.

267 5183 289 5252 ὓ)
309 5182 351 5237 Sc.
371 5185 591 5252 praeventionem
611 5199 644 5237 ex
663 5185 737 5253 parte
756 5187 957 5253 procuratorum
978 5185 1078 5244 Romae
1107 5185 1274 5255 degentium,
1300 5188 1344 5255 qui
1373 5181 1531 5239 omnimodo
1555 5180 1696 5235 beneficiis

209 5276 235 5327 in
255 5275 331 5327 terris
350 5288 460 5327 suorum
479 5273 672 5327 ordinariorum
696 5274 854 5327 vacantibus
872 5274 1016 5343 providere
1035 5274 1188 5338 studebant,
1215 5276 1359 5344 antequam
1383 5277 1441 5342 lpse
1459 5269 1582 5325 Pontifex
1601 5271 1696 5324 certior

207 5362 292 5417 iactus
312 5363 345 5416 sit
365 5363 399 5415 de
418 5376 511 5416 eorum
529 5364 678 5416 vacatione.
