1023 1631
858 73 978 136 „q

175 180 250 198 redditus
270 181 286 198 et
304 181 401 202 proventus,
419 181 483 198 sicum
501 186 540 198 cura
558 181 650 203 sexaginta,
668 181 682 198 si
699 185 739 198 vero
756 181 794 198 sine
810 184 851 198 cura
863 181 932 199 tuerint

174 207 286 229 quadraginta
302 207 381 224 librarum
398 207 523 225 Turonensium
541 212 629 229 parvorum
647 208 721 225 valorem
739 212 813 225 annuum
827 206 930 225 secundum

174 233 278 251 taxacionem
297 234 361 251 decime
381 239 416 251 non
428 234 532 255 excederent,
552 235 621 256 perinde
640 235 692 252 libere
711 235 796 256 acceptare
815 234 887 256 sibique
905 234 930 252 de

174 261 216 282 ipsis
234 261 288 278 facere
305 261 389 283 provideri
407 261 481 278 valerent
498 266 519 278 ac
536 262 549 278 si
567 262 640 283 predicte
658 261 782 278 reservaciones
799 265 829 283 per
846 265 887 281 nos,
907 261 929 278 ut

174 287 261 309 prefertur,
278 288 320 304 tacte
338 292 368 304 seu
386 288 443 305 medio
454 289 531 310 tempore
548 288 623 305 faciende
641 289 766 310 acceptacioues
784 289 800 305 et
815 288 928 310 provisiones

174 314 271 332 huiusmodi
283 315 352 331 minime
364 315 491 336 processissent,
503 315 547 332 sicut
557 315 574 332 in
582 315 640 332 litteris
648 315 709 331 nostris
718 315 758 331 inde
765 314 845 332 coniectis
853 315 927 336 plenius

174 341 272 358 continetur.
284 341 334 361 Sane,
341 341 380 363 quia
387 341 490 363 quandoque
496 342 567 363 contigit
575 342 655 358 hactenus
664 342 680 358 et
688 342 775 363 contingit,
784 346 816 358 nos
824 341 926 363 dignitates,

174 368 278 389 personatus,
298 368 358 388 otticia,
378 368 465 388 beneficia,
485 368 573 390 prioratus,
591 369 710 390 preposituras,
722 368 879 385 administraciones
892 373 925 385 seu

173 395 258 411 mensatas
278 395 294 411 in
314 394 436 412 cathedralibus
455 400 485 412 seu
505 395 599 416 collegiatis
619 395 693 412 ecclesiis
713 395 803 412 existentes
823 395 925 412 auctoritate

173 421 265 443 apostolica
280 421 382 443 reservareff),
401 422 452 443 aliqui
472 422 515 438 sicut
535 422 646 439 intelleximus
666 422 737 438 hesitare
757 426 786 438 seu
806 426 885 438 revocare
905 422 924 438 in

174 447 243 464 dubium
256 448 352 468 moliuntur.
364 453 385 465 an
398 448 492 470 prebendas
505 448 577 468 illorum,
590 449 618 470 qui
631 448 699 465 easdem
712 449 807 470 dignitates,
819 449 924 470 personatus

173 474 234 495 officia,
246 475 332 495 beneficia,
345 475 432 496 prioratus,
445 476 565 497 preposituras,
578 475 734 492 administraciones
746 480 776 491 seu
788 475 873 491 mensatas
882 480 923 492 cum

173 501 202 521 eis,
211 501 251 518 dum
259 502 338 522 viverent,
351 502 368 518 in
377 502 441 519 eisdem
454 502 529 519 ecclesiis
542 502 645 522 obtinebant,
658 502 724 523 possint
732 502 838 523 expectantes
850 502 923 523 predicti

172 528 230 549 vigore
242 529 315 550 predicte
327 529 436 545 relaxationis
449 529 465 545 in
478 529 551 545 favorem
564 533 627 548 eorum,
645 529 662 545 ut
674 529 777 550 premittitur,
793 533 822 550 per
834 533 866 545 nos
877 529 923 545 facte

173 556 257 576 acceptare
275 556 341 577 sibique
359 556 412 572 iacere
430 555 514 577 provideri
532 555 553 572 de
566 556 604 572 illis.
621 555 658 572 Nos
670 555 745 572 volentes
758 555 876 571 hesitatoribus
890 560 922 572 seu

173 581 295 598 dubitatoribus
308 582 404 599 huiusmodi
417 582 508 602 materiam,
524 587 546 599 ne
558 583 659 604 propterea7)
672 582 751 603 litigiosis
765 582 820 598 aditus
832 582 922 603 prestetur,

173 608 278 625 amfractibus
298 610 390 630 amputare,
414 609 471 625 tenore
491 609 597 630 presencium
617 609 726 628 declaramus,
744 609 800 625 nostre
818 609 923 625 intencionis

172 635 242 652 existere
260 640 279 652 ac
291 636 342 652 eciam
355 636 435 655 extitisse,
457 636 557 657 prebendas,
575 640 608 657 que
620 640 650 657 per
661 636 729 652 easdem
742 640 823 656 personas
835 640 869 651 una
880 640 922 652 curn

173 662 240 683 prefatis
252 662 368 683 dignitatibus,
381 663 504 684 personatibus,
517 662 583 681 oiiiciis,
596 662 682 679 beneficiis
691 662 796 683 prioratibus,
809 662 923 683 preposituris

173 688 347 705 administracionibus
366 694 395 705 seu
414 689 494 705 mensatis
512 689 530 705 in
546 689 609 705 eisdem
622 689 741 705 obtinebantur
752 689 832 708 ecclesiis,
850 689 922 706 etiamsi

172 715 196 732 eis
209 720 273 732 annexe
285 720 319 732 non
332 716 408 735 existant,
423 716 446 732 sic
458 720 496 732 esse
508 720 539 737 per
550 716 682 732 reservacionem
695 716 768 732 nostram
781 715 854 735 affectas,
872 716 922 737 quod

172 742 203 758 sub
216 742 319 759 relaxacione
337 742 410 763 predicta
428 742 524 759 nullatenus
542 742 654 762 includantur;
672 742 693 759 ad
711 742 752 758 alias
767 747 806 758 vero
818 742 922 763 prebendas,

172 773 214 789 quas
221 769 237 785 in
246 769 282 785 aliis
289 769 388 785 obtinebant
396 769 476 789 ecclesiis,
485 770 579 790 presentem
589 769 720 786 declarationem
728 770 801 785 nostram
809 769 923 790 intelligimus

172 800 206 812 non
218 796 290 812 extendi.
314 795 359 812 Nulli
372 800 411 818 ergo
424 797 454 812 etc.
478 796 496 812 Si
509 796 547 818 quis
561 797 615 812 autern
628 797 658 812 etc.

224 828 286 844 Datum
298 827 381 844 Avinione
389 828 429 844 XIV.
438 828 470 844 kal.
483 828 584 844 Novembris
597 828 703 849 pontificatus
716 828 767 844 nostri
780 833 794 844 a.
806 828 861 844 tercio.

535 129 556 145 82

203 908 213 925 ι)
223 908 278 925 paream
288 908 309 925 m:
319 908 335 921 ν.

202 930 213 947 ¹)
223 931 283 947 predicte
293 934 316 947 per
326 934 351 943 ..ns
361 930 410 943 iactas:
420 930 436 943 ν,

203 952 214 969 ⁸)
225 953 248 966 de:
258 952 274 966 Vt

202 974 213 992 ι)
223 979 248 992 pro
257 974 279 992 (oz
289 975 306 988 v.

202 997 213 1014 5)
223 997 289 1014 proxime:
299 997 315 1010 v.

201 1019 212 1036 ε)
222 1020 297 1033 reservatur
307 1019 328 1037 (!)=
338 1019 353 1033 ν.

201 1041 213 1059 7)
222 1042 284 1059 proptera
293 1045 317 1058 per
326 1045 356 1055 eam
366 1042 435 1059 litigiosis:
445 1042 460 1055 V.

171 1153 205 1167 1345
214 1153 244 1167 001.
255 1153 275 1167 10.
527 1127 559 1147 39*

170 1175 204 1189 ced.
214 1175 229 1189 B⁴
238 1175 262 1189 fni.
273 1176 346 1189 117—1113.

169 1211 284 1234 Declaracio,
295 1211 348 1237 quod
356 1212 449 1231 reservato
459 1212 552 1231 beneficio
560 1217 640 1237 persone
652 1211 744 1237 regularis,
756 1212 808 1237 quod
819 1212 915 1232 obtinebat

170 1248 188 1266 in
202 1247 251 1269 loco.
270 1248 288 1266 in
305 1253 344 1272 quo
362 1248 399 1267 erat
414 1248 473 1267 certus
488 1253 584 1270 numerus,
601 1247 659 1270 locuS,
675 1253 732 1272 quern
747 1247 827 1267 habebat
841 1249 859 1267 in
872 1248 914 1267 loco

271 1284 319 1308 ipso,
335 1284 358 1302 sit
372 1289 396 1302 eo
410 1284 452 1308 ipso
467 1284 571 1303 reservatus
587 1299 590 1302 .
606 1299 610 1302 .
626 1299 630 1302 .
644 1282 728 1308 [desunt
742 1283 816 1309 verbali

395 1322 426 1343 Ad
440 1323 521 1343 tuturarn
536 1324 560 1342 rei
575 1324 691 1343 memoriam.

222 1362 341 1384 Apostolice
353 1363 407 1379 sedis
419 1363 549 1384 providencia
561 1363 679 1384 circumspecta
692 1363 748 1383 dubia,
761 1367 793 1384 que
803 1363 819 1379 in
832 1363 872 1379 actis
885 1368 914 1380 seu

169 1389 221 1410 gestis
234 1394 263 1411 per
278 1389 334 1406 sedern
348 1389 418 1406 eandem
432 1390 515 1406 interdum
528 1390 621 1411 insurgunt,
636 1390 706 1406 libenter
718 1390 797 1406 dilucidat
809 1391 825 1406 et
837 1390 913 1409 declarat,
