3720 5932
917 324 936 384 9

184 534 453 619 designationem
477 526 695 618 personarum
720 532 842 597 directe
867 550 885 597 a
914 531 1054 598 Summo
1078 530 1240 597 Pontifice
1275 530 1394 596 factam
1430 530 1557 614 optime
1592 529 1672 595 unio

185 642 409 707 membrorum
444 640 613 706 Ecclesiae
647 658 722 705 cum
759 656 821 704 suo
860 639 968 723 capite
1004 637 1255 722 significabatur
1290 639 1323 702 et
1357 654 1551 720 supremum
1591 635 1673 701 illud

184 749 236 813 ius
259 747 414 832 primatui
439 764 606 812 annexum
631 744 835 831 disponendi
859 744 901 810 de
918 744 1078 810 omnibus
1102 743 1275 810 beneficiis
1297 743 1530 809 ecclesiasticis
1556 742 1672 808 saltem

184 854 217 918 in
231 852 433 937 quibusdam
447 853 660 918 exercebatur
672 851 816 918 casibus.
841 849 973 915 Deinde
982 849 1395 935 praeferReservationum
1404 847 1672 933 Apostolicarum

182 978 300 1026 causas
340 960 382 1026 ab
422 959 505 1044 ipsis
539 956 758 1044 canonistis1)
797 957 1020 1023 communiter
1052 956 1178 1035 allatas,
1215 958 1302 1021 certe
1338 973 1407 1020 non
1443 954 1561 1020 ultimo
1597 954 1672 1020 loco

182 1065 410 1151 respiciendae
434 1068 529 1131 erunt
552 1065 708 1143 rationes,
733 1066 769 1128 ut
792 1064 836 1130 ita
861 1063 980 1143 dicam,
1012 1063 1239 1149 politicae,
1273 1080 1360 1146 quae
1385 1061 1583 1127 turbulentis
1608 1060 1673 1126 illis

181 1173 390 1257 temporibus
414 1171 456 1238 ad
481 1172 687 1257 spiritualem
712 1173 744 1236 et
767 1170 984 1255 temporalem
1010 1172 1210 1255 potestatem
1228 1156 1454 1242 Romanorum
1471 1167 1672 1234 Pontificum

182 1277 428 1345 defendendam
446 1295 702 1361 nonnumquam
719 1277 977 1343 reservationem
995 1276 1235 1343 beneficiorum
1249 1276 1462 1362 potissimum
1481 1274 1672 1340 maiorum

183 1385 280 1470 quasi
323 1384 512 1449 necessario
556 1383 725 1468 postulare
766 1383 973 1449 videbantur.
1020 1383 1061 1448 Et
1106 1382 1241 1468 quidem
1281 1382 1453 1455 Romanos
1491 1379 1673 1447 Pontifices

183 1490 375 1575 praesertim
392 1493 553 1574 tempore,
572 1507 640 1574 quo
653 1488 828 1556 Avenione
845 1490 943 1574 quasi
960 1490 994 1554 in
1011 1490 1164 1555 exsilium
1182 1489 1277 1554 missi
1292 1487 1493 1565 residebant,
1507 1486 1672 1571 praelatos

184 1596 301 1680 quavis
326 1614 366 1661 ex
395 1598 486 1680 parte
522 1596 663 1662 omnino
697 1595 816 1662 fideles
851 1597 1001 1663 ecclesiis
1036 1594 1280 1662 cathedralibus
1316 1594 1458 1678 aliisque
1491 1593 1672 1659 maioribus

183 1702 286 1786 longe
311 1702 513 1768 distantibus
538 1702 715 1788 praeficere
740 1702 898 1769 debuisse
923 1706 1012 1769 extra
1036 1703 1142 1769 aleam
1167 1704 1218 1768 est
1241 1698 1436 1786 positumt)

290 1827 335 1893 lta
389 1845 416 1892 e.
463 1846 496 1911 g.
542 1827 717 1893 lohannes
769 1827 861 1892 XXll.
918 1845 1037 1894 omnes
1091 1830 1124 1892 et
1177 1826 1328 1911 singulas
1381 1823 1586 1891 cathedrales
1640 1825 1672 1888 et

182 1933 377 2018 collegiatas
401 1933 557 2000 ecclesias
583 1933 768 2000 saeculares
793 1937 824 1999 et
847 1934 1015 2019 regulares
1039 1935 1179 2000 civitatis
1197 1936 1230 1999 et
1245 1932 1410 1999 dioecesis
1426 1950 1464 1998 ac
1480 1930 1671 2016 provinciae

184 2039 407 2112 Ravennaten.
445 2039 486 2106 ad
523 2040 695 2106 biennium
731 2058 914 2120 reservans,
951 2042 1024 2126 ipse
1060 2042 1145 2107 hanc
1179 2059 1313 2106 causam
1349 2038 1495 2104 adducit:
1536 2038 1590 2114 ,ut
1613 2054 1673 2120 per

183 2145 427 2230 providentiam
467 2146 565 2213 Sedis
603 2146 819 2232 Apostolicae
857 2147 899 2213 de
945 2148 1136 2232 pastoribus
1183 2149 1215 2212 et
1252 2146 1407 2231 praelatis
1446 2146 1479 2209 in
1523 2142 1672 2228 partibus

183 2252 416 2337 disponeretur
452 2253 639 2338 praedictis,
675 2255 733 2338 qui
757 2254 867 2321 Nobis
896 2258 928 2320 et
951 2255 1119 2321 Ecclesiae
1143 2254 1315 2327 Romanae
1339 2252 1451 2317 devoti
1487 2253 1520 2316 et
1554 2249 1672 2315 fideles

182 2359 379 2426 exsisterent
402 2363 434 2426 et
457 2360 531 2427 aliis
556 2361 678 2426 scirent
701 2364 734 2426 et
757 2365 898 2446 possent
921 2379 1078 2446 praeesse
1103 2360 1224 2426 utiliter
1248 2363 1280 2425 et
1303 2356 1532 2445 prodesse.“³)

289 2483 386 2565 Quae
410 2484 521 2564 verba,
547 2485 607 2550 etsi
625 2486 814 2570 saepissimi
829 2489 1004 2552 occurmnt
1021 2486 1055 2550 in
1071 2486 1200 2551 Litteris
1223 2484 1446 2550 reservatoriis
1467 2481 1672 2568 Apostolicis

183 2589 334 2656 eiusdem
351 2589 524 2675 temporis,
540 2594 652 2657 tamen
670 2592 717 2657 uti
739 2611 867 2658 merae
888 2592 1081 2659 formulae
1099 2591 1209 2657 nullo
1227 2591 1344 2664 modo
1367 2593 1444 2656 sunt
1461 2588 1671 2656 attendenda.

287 2715 552 2800 Nonnumquam
600 2717 698 2783 etiam
746 2717 810 2801 ipsi
862 2717 999 2802 Reges
1046 2717 1222 2783 occasione
1269 2717 1452 2782 vacationis
1498 2712 1671 2781 cuiusdam

183 2822 342 2889 ecclesiae
389 2841 448 2907 per
494 2823 631 2889 Litteras
678 2824 841 2908 speciales
881 2842 1083 2908 expresse
1122 2824 1162 2889 ab
1202 2823 1278 2907 ipso
1318 2822 1471 2895 Romano
1510 2819 1672 2886 Pontifice

183 2930 390 3013 expetierunt
418 2930 676 2995 reservationem
706 2931 805 2996 unius
834 2931 1011 2998 alteriusve
1040 2930 1261 2996 ecclesiae-
1288 2929 1332 3005 id,
1362 2928 1454 3014 quod
1477 2928 1599 2994 factum
1624 2928 1674 2992 est

182 3056 212 3101 v.
248 3055 280 3120 g.
318 3054 336 3101 a
373 3035 528 3101 lohanne
568 3036 727 3102 Boemiae
766 3037 867 3123 Rege,
906 3056 981 3104 cum
1022 3037 1160 3104 ecclesia
1200 3036 1505 3103 Olomucensis
1544 3037 1674 3099 vacaret

183 3141 360 3228 pastore4).
408 3142 550 3208 Econtra
588 3143 767 3227 petitiones
806 3145 917 3229 regiae
956 3144 998 3209 ad
1038 3143 1172 3210 Curiam
1217 3143 1402 3216 Romanam
1450 3141 1592 3206 directae
1631 3139 1673 3205 de

131 3255 133 3260 ’
183 3248 375 3315 immediata
412 3249 606 3333 provisione
642 3250 815 3317 cuiusdam
853 3250 943 3316 sedis
979 3250 1182 3335 episcopalis
1217 3249 1306 3315 haud
1335 3267 1408 3315 raro
1438 3249 1536 3314 etiam
1562 3249 1673 3333 aperte

183 3357 320 3422 reiectae
356 3357 443 3434 sunt,
479 3374 507 3421 e.
547 3374 579 3440 g.
616 3357 650 3422 in
685 3375 774 3436 casu,
811 3375 880 3442 quo
914 3357 1052 3423 ecclesia
1092 3355 1355 3442 Nivemensis‚⁵)
1389 3355 1544 3422 iohanne
1578 3354 1672 3420 XXll.

183 3466 354 3547 regnante,
389 3464 536 3542 vacabat,
572 3466 651 3530 tunc
686 3465 755 3530 iura
791 3465 935 3549 capituli,
969 3464 1010 3530 ad
1047 3464 1139 3549 quod
1175 3464 1291 3530 electio
1316 3462 1358 3528 de
1383 3464 1452 3528 iure
1477 3461 1672 3548 pertinebat,

183 3588 340 3655 expresse
365 3587 384 3634 a
407 3569 496 3636 dicto
521 3568 682 3638 Pontifice
706 3571 835 3638 firmata
859 3575 947 3637 sunt.

248 3839 267 3906 ¹)
287 3836 328 3892 Cf.
348 3836 446 3890 Wemz
465 3837 481 3890 1.
500 3853 522 3890 c.
543 3837 570 3890 ll.
590 3853 615 3891 n.
635 3837 688 3892 323
707 3839 734 3892 ef
753 3839 821 3893 alios
840 3839 978 3908 plurimos.

289 3926 474 3996 (Negligentia
493 3926 537 3979 vel
557 3929 614 3995 ipsa
634 3926 706 3980 fraus
724 3928 880 3982 collatorum
901 3929 1096 3982 ordinariorum
1116 3959 1149 3966 -
1169 3929 1267 3982 iniusta
1287 3928 1313 3981 et
1337 3928 1426 3995 aperla
1445 3928 1487 3979 vis
1507 3926 1670 3994 potestatum

59 4022 62 4027 '
132 4051 135 4056 .
181 4016 361 4071 saecularium¹
387 4045 420 4054 -
450 4015 597 4068 necessitas
625 4015 786 4082 providendi
820 4019 984 4086 pauperibus
1015 4018 1117 4071 clericis
1145 4017 1189 4070 vel
1219 4016 1379 4072 officialibus
1408 4014 1504 4069 Curiae
1537 4015 1673 4074 Romanae

181 4105 353 4160 benemeritis
375 4133 404 4141 -
426 4103 573 4172 periculum
593 4105 762 4170 animarum.)

157 4212 160 4217 ·
243 4193 369 4262 uQuon
397 4191 518 4245 studium
547 4189 645 4244 Christi
673 4194 779 4246 vicariis
806 4208 854 4261 per
879 4209 909 4247 se
937 4194 1012 4249 nullo
1041 4195 1123 4248 modo
1143 4196 1177 4248 ita
1202 4198 1228 4248 in
1247 4195 1421 4263 opprobrium
1440 4193 1600 4247 vertendum
1621 4194 1671 4257 est,

182 4285 258 4354 quasi
287 4283 397 4336 arctiore
426 4281 472 4334 illo
499 4280 609 4334 vinculo
637 4282 870 4350 compastoribus
898 4282 931 4336 ab
961 4285 1027 4352 ipsis
1055 4284 1208 4337 constitutis
1228 4287 1293 4338 inito
1313 4285 1416 4337 tantum
1436 4284 1470 4336 ad
1490 4282 1672 4351 ampliandam

182 4388 258 4427 suam
278 4372 440 4440 potestatem
460 4369 677 4438 temporalem
696 4371 750 4423 sint
769 4372 845 4424 abusi
865 4371 897 4426 cf.
918 4372 1065 4426 llinschius
1085 4374 1101 4426 l.
1122 4388 1143 4426 c.
1158 4371 1196 4426 ΙΙΙ.
1210 4388 1236 4441 p.
1253 4373 1310 4426 118.
1348 4373 1436 4426 Multo
1457 4374 1545 4425 minus
1560 4371 1673 4432 Romani

181 4460 327 4515 Pontifices
346 4460 446 4512 invidia
466 4461 493 4511 in
512 4459 673 4526 potestatem
693 4460 948 4529 archiepiscopalem
968 4460 1040 4514 ducti
1055 4461 1262 4520 Reservationes
1282 4461 1486 4514 introduxerunt
1500 4460 1673 4529 Apostolicas

182 4552 219 4604 uti
238 4548 341 4602 Munch
360 4548 377 4601 l.
397 4564 418 4602 c.
439 4564 464 4616 p.
485 4547 519 4600 37
538 4549 670 4616 opinatur,
699 4551 761 4617 quia
790 4552 878 4603 omnis
907 4549 1053 4603 iurisdictio
1082 4550 1348 4618 metropolitanorum
1377 4565 1411 4603 ex
1439 4565 1493 4603 uno
1518 4549 1593 4603 fonte
1612 4551 1628 4602 i.
1648 4564 1672 4603 e.

181 4637 316 4708 potestate
343 4635 500 4704 Apostolica
529 4636 557 4697 R.
585 4636 746 4690 Pontificum
775 4637 892 4706 profluit.
930 4637 970 4692 Cf.
997 4654 1018 4691 c.
1048 4638 1072 4692 3.
1102 4641 1128 4691 in
1156 4638 1262 4694 Extrav.
1291 4638 1396 4693 Comm.
1426 4639 1443 4693 l.
1468 4639 1492 4692 3.
1531 4638 1571 4693 Cf.
1592 4640 1672 4692 etiam

182 4728 210 4782 P.
229 4726 369 4795 Aldinger,
398 4725 450 4779 Die
473 4726 686 4796 Neubesefzung
714 4726 762 4780 der
787 4726 943 4781 Deufschen
972 4727 1106 4780 Bistiimer
1134 4729 1211 4781 unter
1238 4728 1320 4796 Papst
1348 4728 1482 4782 Innocenz
1502 4727 1545 4781 IV.
1565 4743 1591 4796 p.
1614 4728 1672 4782 192.

245 4815 267 4884 θ)
287 4815 352 4884 Reg.
371 4814 431 4868 Vaf.
451 4815 469 4868 t.
492 4814 541 4868 113
560 4814 577 4867 f.
599 4813 682 4868 17110
701 4814 736 4869 n⁰
757 4816 832 4870 1031.

290 4903 359 4958 Cod.
379 4903 408 4956 B.
428 4918 455 4972 p.
474 4903 588 4958 69-70.

289 4993 317 5047 P.
337 4991 391 5046 Vll.
411 4990 446 5044 n⁰
465 4993 489 5046 8.

243 5083 268 5152 ⁴)
287 5082 352 5152 Reg.
372 5080 432 5134 Vat.
452 5082 469 5134 t.
491 5081 605 5135 113101.
624 5081 675 5136 41⁰
695 5081 731 5136 n⁰
748 5083 809 5148 331,
829 5082 889 5138 333.

289 5172 317 5226 Ρ.
336 5170 390 5225 Vll.
410 5168 446 5223 n⁰
466 5171 489 5234 l,
509 5170 533 5234 2,
553 5170 577 5223 3.

245 5260 267 5331 ⁶)
287 5262 352 5332 Reg.
373 5259 432 5314 Vat.
452 5261 469 5313 t.
492 5259 549 5312 117.
569 5257 685 5314 110563.

290 5351 318 5405 P.
338 5350 392 5406 Vll.
413 5347 448 5401 n⁰
466 5349 491 5413 4,
511 5348 553 5403 48.
