3720 5932
909 317 949 376 61

822 400 1034 410 --—-—-

184 523 361 592 commoda
394 521 603 606 singulorum
634 523 759 588 intenta
783 521 995 588 solicitudine
1025 520 1215 605 vigilemus,
1238 521 1350 586 tamen
1375 538 1454 603 erga
1477 517 1560 597 illas,
1590 536 1675 602 quas

185 634 297 698 nostre
317 628 520 715 provisionis
538 629 717 714 vigilancia
733 629 842 712 magis
867 627 1016 711 indigere
1033 626 1270 712 conspicimus
1295 625 1435 691 libenter
1450 625 1674 692 convertimus

186 735 466 804 consideracionis
490 735 594 802 aciem
620 734 742 801 mentis
778 737 902 800 nostre.
950 732 1038 799 Sane
1070 732 1111 798 ad
1143 733 1247 798 nostri
1281 732 1491 816 apostolatus
1516 731 1673 796 noticiam

186 844 320 930 perlato,
357 841 449 926 quod
485 841 624 908 ecclesia
660 841 801 926 lporieu.
839 841 872 905 in
901 839 1130 906 Mediolanen.
1161 839 1300 906 ecclesia
1336 838 1514 904 constituta
1553 836 1674 902 multas

185 950 424 1036 oppressiones
461 950 492 1014 et
522 948 612 1013 varia
650 946 867 1014 incommoda
905 947 1039 1012 incurrit
1077 946 1237 1012 hactenus
1276 948 1412 1030 propter
1450 942 1673 1028 malignorum

130 1119 134 1127 .
183 1058 335 1123 incursus
372 1058 404 1121 et
435 1055 601 1121 similibus
632 1055 809 1139 exponitur
832 1054 1046 1132 incessanter,
1072 1072 1090 1119 a
1115 1052 1237 1136 quibus
1262 1070 1331 1117 nou
1356 1052 1477 1137 poterit
1512 1050 1554 1116 de
1587 1049 1673 1115 iacili

182 1163 330 1240 relevari,
355 1162 420 1227 nisi
457 1161 566 1227 eidem
603 1179 662 1246 per
692 1163 857 1246 oportune
890 1161 1094 1246 provisionis
1126 1158 1309 1224 remedium
1342 1159 1555 1224 succurratur.
1601 1155 1674 1223 Nos

181 1271 336 1336 volentes
384 1267 493 1334 eidem
541 1269 678 1352 patema
716 1267 905 1352 diligencia,
935 1270 1097 1351 quantum
1144 1266 1244 1332 nobis
1283 1284 1323 1330 ex
1362 1265 1428 1331 alto
1468 1264 1674 1350 permittitur,

183 1374 370 1461 providere,
418 1374 577 1459 prefatam
621 1374 793 1440 ecclesiam
840 1377 873 1439 et
911 1374 1139 1459 provisionem
1188 1372 1339 1438 eiusdem
1387 1371 1571 1438 secundum
1619 1389 1676 1436 cor

184 1485 337 1548 nostrum
373 1480 415 1547 de
451 1484 583 1566 pastore
607 1480 743 1566 ydoneo
785 1481 983 1555 taciendam,
1024 1481 1051 1545 si
1090 1482 1185 1546 vacat
1224 1479 1265 1545 ad
1305 1497 1443 1563 presens
1481 1478 1533 1544 vel
1574 1497 1674 1562 quam

186 1589 329 1674 primum
377 1605 450 1653 eam
496 1605 612 1654 vacare
651 1588 835 1672 contigerit,
875 1587 1096 1672 disposicioni
1135 1589 1248 1652 nostre
1288 1589 1319 1650 et
1360 1584 1450 1650 sedis
1489 1584 1674 1670 apostolice

187 1695 380 1760 auctoritate
399 1694 584 1779 apostolica
603 1712 820 1773 reservamus,
841 1695 902 1760 hac
920 1695 992 1760 vice
1012 1692 1229 1760 decernentes
1247 1711 1287 1758 ex
1306 1710 1395 1757 nunc
1408 1691 1606 1776 irritumetc.
1622 1743 1629 1756 .
1644 1743 1672 1756 ..

187 1801 384 1885 attemptari.
430 1800 507 1866 Non
533 1801 745 1867 obstantibus
772 1852 778 1864 .
805 1851 811 1866 .
839 1852 844 1864 .
872 1800 1035 1886 impediri.
1082 1800 1160 1866 Nuli
1186 1818 1265 1884 ergo
1290 1802 1350 1865 etc.

290 1924 412 1990 Datum
436 1923 603 1991 Avinione
625 1925 665 1990 V.
690 1925 766 1991 idus
791 1925 997 2010 Septembris
1022 1944 1050 1990 a.
1076 1927 1181 1990 sexto.

185 2440 252 2494 1322
270 2440 334 2494 Julii
352 2439 395 2494 30.

183 2527 252 2582 Cod.
271 2528 302 2582 B.
322 2527 368 2582 tol.
387 2529 455 2597 68.¹)

183 2724 404 2809 Reservacio
442 2730 479 2803 in
517 2724 766 2804 patriarchatu
799 2723 1021 2829 Aquilegen.
1058 2750 1100 2803 ac
1131 2724 1387 2804 Mediolanen.
1422 2722 1672 2808 Ravennaten.

622 2869 779 2946 tanuen.
811 2872 846 2946 et
874 2867 996 2946 Pisan.
1027 2873 1239 2970 provinciis.

628 3044 689 3126 Ad
718 3047 877 3124 futuram
908 3052 957 3125 rei
987 3051 1219 3125 memoriam.

287 3188 614 3274 ln·apostolice
662 3188 966 3254 solicitudinis
1007 3188 1183 3274 specula
1226 3206 1326 3272 super
1372 3188 1544 3252 universas
1583 3186 1673 3251 orbis

183 3295 341 3361 ecclesias
366 3295 478 3361 divina
509 3295 723 3380 providencia
756 3296 908 3378 quamvis
945 3295 1098 3360 immeriti
1123 3295 1304 3368 constituti,
1341 3293 1381 3359 ad
1411 3294 1475 3359 hoc
1499 3292 1673 3358 desideriis

183 3402 347 3486 promptis
380 3401 584 3467 intendimus
616 3404 648 3467 et
678 3401 883 3466 ferventibus
908 3402 1027 3467 studiis
1052 3402 1253 3481 laboramus,
1278 3405 1314 3467 ut
1337 3401 1476 3468 ecclesie
1501 3402 1673 3484 pastorum
1767 3432 1771 3439 ·

183 3509 402 3593 regiminibus
439 3508 596 3574 destitute
643 3527 711 3574 non
748 3510 883 3593 pateant
928 3526 1167 3593 oppressorum
1203 3509 1401 3586 incursibus,
1443 3511 1477 3572 ut
1513 3508 1546 3572 in
1586 3505 1673 3571 ovile

183 3614 389 3681 dominicum
428 3633 487 3700 per
525 3615 782 3700 impressionem
827 3615 986 3680 nelariam
1034 3618 1065 3680 et
1104 3633 1276 3699 procacem
1324 3614 1514 3700 potenciam
1562 3612 1673 3677 minus

183 3722 364 3787 canonicus
390 3723 549 3788 habeatur
571 3723 753 3807 ingressus.
801 3720 895 3786 Statu
913 3722 1012 3806 igitur
1028 3722 1304 3806 patriarchalium,
1329 3719 1673 3805 archiepiscopalium,

183 3828 437 3912 episcopalium,
477 3829 684 3913 aliarumque
728 3829 976 3912 collegiatarum
1018 3828 1230 3894 ecclesiarum
1270 3847 1401 3894 necnon
1449 3827 1672 3904 abbaciarum,

184 3935 473 4013 monasteriorum,
498 3936 702 4019 prioratuum
728 3939 760 4000 et
784 3936 925 4000 aliorum
951 3936 1099 4001 locorum
1124 3936 1422 4001 ecclesiasticorum
1448 3933 1673 4018 quorumlibet

183 4041 380 4107 secularium
418 4043 450 4107 et
485 4042 696 4126 regularium,
732 4045 962 4126 exemptorum
998 4045 1031 4107 et
1066 4061 1134 4108 non
1171 4045 1412 4127 exemptorum
1448 4040 1489 4106 ad
1531 4058 1672 4124 quorum

183 4148 346 4232 regimina
396 4166 455 4232 per
505 4147 702 4214 electionem
743 4148 858 4232 prelati
905 4151 1151 4215 consueverunt
1190 4150 1326 4227 assumi,
1374 4149 1406 4213 in
1454 4148 1673 4233 patriarchatu

182 4251 379 4338 Aquilegen.
424 4272 556 4320 necnon
605 4254 834 4320 Mediolanen.
875 4255 1055 4327 Ravennat.
1094 4255 1226 4322 lanuen
1265 4258 1297 4320 et
1333 4255 1444 4320 Pisan.
1492 4255 1673 4339 provinciis

183 4361 453 4437 consistencium,
491 4379 574 4444 quas
610 4364 642 4426 et
674 4380 738 4445 que
767 4361 955 4445 frequenter
990 4365 1087 4446 prout
1123 4363 1331 4447 experiencia
1367 4361 1481 4427 docuit
1504 4361 1672 4428 rectroacti

183 4468 215 4531 et
253 4467 426 4550 hucusque
461 4468 652 4533 continuata
688 4468 818 4533 malicia
853 4469 1013 4552 temporis
1050 4469 1082 4532 in
1126 4487 1237 4534 earum
1280 4469 1531 4552 provisionibus
1574 4467 1673 4533 variis

182 4571 466 4660 discriminibus2)
502 4575 649 4639 noscitur
680 4575 873 4651 subiecisse,
905 4577 1017 4640 nostre
1049 4576 1171 4640 mentis
1201 4576 1374 4641 obtutibus
1410 4577 1600 4642 occurrente
1636 4593 1673 4640 ac

182 4681 356 4763 propterea
382 4680 547 4747 similibus
580 4681 613 4744 in
645 4683 816 4764 posterum
857 4681 992 4746 obviare
1032 4682 1198 4766 periculis,
1235 4682 1343 4748 donec
1377 4682 1553 4768 iaciente3)
1588 4681 1671 4767 [sict]

183 4784 322 4851 domino
347 4787 476 4852 sublata
502 4787 645 4872 procella
670 4786 831 4871 temporis
857 4787 1011 4872 impacati
1043 4789 1111 4874 etr)
1137 4789 1264 4854 eisdem
1289 4790 1438 4855 ecclesiis
1464 4793 1495 4854 et
1519 4789 1673 4873 personis

182 4908 294 4956 earum
311 4891 410 4976 plena
432 4894 514 4958 etin
540 4892 697 4977 eligendo
723 4893 881 4958 securitas
899 4894 1111 4972 ministretur,
1133 4895 1271 4961 solicitis
1289 4895 1462 4971 aflectibus
1489 4895 1672 4978 cupientes,

182 4997 393 5081 provisiones
410 4999 562 5064 omnium
580 4998 856 5083 patriarchalium,
874 5001 1218 5086 archiepiscopalium,
1233 5001 1476 5086 episcopalium
1490 5004 1521 5066 et
1535 5001 1672 5066 aliarum

182 5104 405 5186 quarumlibet
455 5105 667 5170 ecclesiarum
706 5105 956 5190 collegiatarum
995 5107 1192 5172 secularium
1229 5112 1261 5173 et
1305 5107 1504 5192 regularium
1541 5125 1672 5172 necnon

182 5208 404 5289 abbaciarum,
437 5212 726 5289 monasteriorum,
758 5213 961 5295 prioratuum
987 5216 1018 5279 et
1054 5214 1193 5279 aliorum
1228 5232 1505 5299 quorumcunque
1540 5215 1672 5298 piorum

184 5315 333 5382 locorum
358 5320 599 5401 exemptorum,
631 5320 661 5382 et
685 5334 753 5383 non
785 5322 1025 5404 exemptorum
1050 5322 1310 5389 consistencium
1335 5322 1368 5387 in
1393 5321 1613 5407 patriarchatu
1638 5324 1670 5386 et
