1023 1631
888 73 978 101 '-

516 144 537 158 70

151 195 230 212 abbacias
246 200 315 216 quoque
326 195 342 212 et
354 195 441 216 prioratus,
459 195 551 212 decanatus
568 195 585 212 et
602 195 716 216 preposituras
734 195 750 212 et
767 195 800 211 alia
817 194 900 212 beneficia

151 222 262 239 eoclesiastica
274 221 355 243 regularia
368 222 384 238 et
396 222 481 242 secularia,
494 226 566 243 quorum
579 221 634 243 aliqua
645 222 686 238 tunc
695 222 776 238 vacabant
788 222 804 238 et
819 221 902 238 nonnulla

151 253 205 268 orum,
209 253 247 265 cum
252 253 271 265 ea
275 253 333 265 vacare
337 249 446 269 contingeret.
450 248 560 268 ordinacioni,
565 248 660 268 collacioni,
665 248 757 269 provisioni
764 248 780 264 et
790 248 903 269 disposicioni

151 280 182 292 sue
191 275 207 292 et
213 275 259 292 sedis
269 275 366 296 apostolice,
375 275 415 291 dum
422 275 479 296 ageret
484 275 501 291 in
508 275 595 294 humanis,
605 275 699 296 specialiter
707 275 801 295 reservavit,
810 274 902 291 decernens

151 302 211 319 extunc
219 302 281 318 irritum
290 302 306 318 et
315 302 370 321 inane,
380 301 393 318 si
403 306 452 318 secus
460 306 511 323 super
523 302 556 318 hiis
568 306 597 323 per
609 306 720 322 quoscunque
733 301 792 322 quavis
804 301 902 318 auctoritate

151 329 222 345 scienter
244 328 270 345 vel
294 328 389 350 ignoranter
412 328 517 349 contingeret
539 328 637 349 attemptari.
672 328 715 344 Cum
739 329 794 344 autem
822 328 902 345 nonnulli

151 355 242 376 prudencie
265 355 332 376 proprie
356 355 412 371 contra
433 355 515 376 sapientis
533 355 625 371 doctrinam
643 354 699 371 minus
717 354 786 376 provide
804 355 901 375 innitentes,

153 382 276 398 reservaciones
297 381 395 398 huiusmodi
413 386 443 402 per
460 381 525 398 obitum
551 381 674 402 predecessoris
699 381 776 398 eiusdem
794 381 846 398 ruisse
865 386 901 402 pre-

152 408 275 430 sumpserunt1)
294 408 332 429 (sic)
350 408 366 424 et
385 408 482 429 presumant
497 412 572 424 asserere
595 408 681 424 revocatas
700 412 719 424 ac
737 408 806 429 propter
823 408 855 425 hoc
872 412 903 429 per

152 435 233 452 nonnulla
245 435 318 456 capitula
333 435 440 451 ecclesiarum
452 435 505 451 taliter
517 435 636 451 reservatarum
648 434 669 451 ad
681 435 784 451 electionem
801 435 902 456 prelatorum

152 462 247 478 earumdem
266 466 285 478 ac
302 462 352 478 etiarn
370 466 399 482 per
416 461 508 478 nonnullos
527 461 633 483 dyocesanos
653 461 668 477 et
688 461 782 478 ordinarios
799 461 873 478 locorurn
886 462 902 478 et

151 488 199 508 alios,
217 488 238 505 ad
256 493 299 509 quos
317 488 357 505 alias
372 488 452 504 dictorum
471 488 591 504 beneficiorum
610 488 696 509 provisio,
708 488 777 504 collacio
795 493 825 504 seu
843 488 902 509 quevis

151 515 185 531 alia
202 515 294 536 disposicio
312 515 410 536 pertinebat,
429 514 450 531 ad
468 514 578 531 collacionem
596 515 612 531 et
630 514 744 536 provisionem
757 515 824 531 illorum
844 515 860 531 et
871 519 902 536 per

152 542 244 558 nonnullos
273 541 315 558 alios
344 541 365 558 ad
395 541 538 562 permutacionem
567 541 593 557 vel
623 541 768 558 renunciacionem
797 546 860 561 eorum,
884 542 902 558 ut

153 573 182 590 per
199 569 231 585 hoc
247 568 263 584 in
276 568 319 585 alios
336 568 465 588 transferrentur,
482 568 498 584 in
511 568 605 584 elusionem
618 568 751 584 reservacionum
765 568 861 584 huiusmodi
880 568 901 585 sit

153 600 256 616 processum.
286 595 322 612 Nos
335 595 355 611 ad
370 595 515 616 presumptionem
531 594 587 611 talium
600 594 747 616 compescendam,
760 595 788 616 qui
801 599 851 616 super
867 595 900 611 hiis

152 622 245 643 apostolice
270 621 315 638 sedis
335 621 414 638 iudicium
436 621 528 637 debuerant
546 622 632 642 expectare
651 626 754 642 omnemque
773 621 899 643 ambiguitatem

153 653 203 670 super
215 648 300 669 premissis
311 648 415 667 solvendam,
428 648 552 664 reservaciones
564 648 651 669 predictas,
664 648 684 664 de
697 648 758 669 quibus
767 653 797 669 per
807 648 862 664 literas
874 648 899 664 vel

152 675 241 697 regestra2)
260 675 382 696 predecessoris
394 674 475 694 eiusdem,
494 679 528 695 que
547 675 563 690 in
582 674 651 691 archivis
669 675 714 691 sedis
727 675 818 696 apostolice
830 675 900 691 tacimus

152 702 252 721 conservari,
266 702 343 718 constare
357 701 431 717 noscitur
444 701 535 721 evidenter,
551 701 646 717 auctoritate
658 701 751 722 apostolica
767 701 871 718 declaramus
886 702 901 718 et

126 730 133 734 “
152 728 262 747 decernimus,
275 733 305 749 per
316 727 392 744 eiusdem
405 728 529 749 predecessoris
541 728 605 744 obitum
619 729 703 744 revocatas
718 728 813 744 nullatenus
822 728 900 748 extitisse,

153 755 183 771 sed
201 759 229 771 eas
242 755 308 776 plenam
326 755 405 771 habuisse
418 756 433 771 et
445 754 506 771 habere
519 754 585 771 roboris
597 754 691 771 firmitatem
704 759 798 776 omnesque
810 755 901 771 electiones

152 782 259 801 collaciones,
275 781 380 803 provisiones
393 781 408 797 et
421 781 555 802 pennutaciones
568 781 594 797 vel
607 781 647 797 alias
659 786 769 802 quascunque
781 782 901 798 concessiones

153 808 174 825 de
192 808 224 825 illis
242 813 272 830 per
289 812 400 830 quoscunque
418 808 482 830 absque
501 808 597 825 auctoritate
615 808 660 825 sedis
678 808 750 830 predicte
768 808 789 825 de
804 808 846 825 tacto
864 812 900 830 pre-

153 837 228 857 sumptas
250 836 305 852 nullas
324 836 359 852 iore
382 836 449 857 penitus
472 837 488 852 et
511 836 575 855 inanes,
599 836 644 856 eas³)
668 836 791 855 nichilominus,
818 836 901 857 quatenus

153 863 275 884 processerunt,
287 862 308 879 de
320 862 363 879 iacto
375 863 461 879 cassantes
473 863 489 878 et
503 863 601 878 revocantes
621 862 691 878 omnino
706 862 805 883 quinymmo
817 867 873 879 cassas
886 863 901 879 et

153 889 207 906 irritas
219 889 322 906 nunciantes,
345 889 390 905 Nulli
403 893 443 910 ergo
456 889 501 910 etcfl)

186 942 196 959 ¹)
206 942 249 956 idem:
260 942 278 955 vx

185 965 196 981 2)
206 965 267 982 registra:
278 964 294 978 ν.

185 987 196 1003 ³)
206 991 261 1004 easque:
272 987 288 1000 v.

184 1009 196 1026 Δ)
207 1009 237 1022 nem
248 1010 277 1022 sine
287 1009 315 1022 dre:
326 1008 341 1022 ν.

515 1079 544 1099 18.

155 1111 189 1125 1335
199 1111 231 1125 Maii
242 1111 262 1125 15.

155 1133 189 1147 Cud.
199 1133 213 1147 Β.
224 1133 246 1147 iol.
256 1133 274 1147 96
283 1133 297 1147 t⁰
306 1133 327 1147 97.

188 1187 300 1206 Benedictus
315 1188 389 1206 revocat
404 1187 526 1206 commendas
540 1187 658 1206 ecclesiarum
674 1188 691 1206 et
705 1189 867 1207 monasteriorum.

271 1222 383 1242 Benedictus
397 1223 430 1242 etc
460 1222 490 1242 Ad
505 1223 614 1247 perpetuam
630 1224 654 1242 rei
669 1224 784 1242 memoriam

208 1262 270 1284 Super
278 1267 357 1283 gregem
367 1262 489 1278 dominicum
498 1263 555 1278 nostre
564 1262 652 1283 vigilancie
662 1263 741 1279 divinitus
750 1263 836 1282 creditum,
846 1263 901 1284 vigilis

155 1289 264 1311 speculatoris
273 1289 352 1309 officium,
361 1290 410 1310 prout
419 1289 468 1305 nobis
477 1289 550 1310 desuper
562 1289 662 1308 conceditur,
675 1290 769 1306 exercentes
782 1290 803 1306 ad
816 1290 901 1306 universas

155 1316 200 1333 orbis
206 1316 289 1336 ecclesias,
294 1317 327 1332 tam
334 1316 417 1332 seculares
422 1320 472 1336 quam
478 1316 530 1332 eciam
538 1315 627 1336 regulares,
632 1316 683 1332 aciem
691 1316 755 1332 interne
759 1316 901 1333 consideracionis

155 1343 260 1359 extendimus
267 1343 370 1364 etuportune
375 1342 477 1363 provisionis
484 1342 558 1358 remedia
565 1343 633 1363 paterne
638 1342 726 1363 diligencie
731 1343 791 1359 studiis
796 1342 901 1359 adhibemus,

146 1369 269 1386 -Suadentibus
276 1369 325 1390 igitur
333 1369 382 1385 certis
390 1369 520 1385 racionabilibus
529 1369 589 1388 causis,
599 1369 719 1385 cumfratribus
727 1369 803 1385 consulta
811 1370 827 1385 et
836 1369 902 1390 digesta

156 1396 278 1413 deliberacione
287 1396 377 1417 prehabita.
386 1400 446 1412 omnes
454 1395 564 1412 commendas
573 1396 593 1412 de
602 1396 690 1416 quibusvis
698 1396 820 1412 cathedralibus
827 1396 901 1412 ecclesiis
