3720 5932
828 324 1042 416 ,ἑθ-

184 528 357 595 territoriis
382 546 458 595 cum
482 530 643 595 consueta
668 529 864 613 exceptione
889 529 1002 614 quoad
1020 531 1221 597 monasteria
1238 531 1433 597 monialium
1466 534 1498 598 et
1522 531 1680 598 ecclesias

188 636 318 721 aliaque
342 635 506 702 benelicia
531 637 562 701 et
585 635 658 702 loca
682 635 912 717 ecclesiastica,
938 655 1081 721 quorum
1105 638 1229 705 tructus
1252 639 1317 704 XL.
1341 639 1414 705 flor.
1439 640 1508 705 auri
1532 640 1679 706 valorem

190 762 257 810 non
282 742 497 812 excedebant.

289 850 339 916 Ex
394 849 534 916 diversis
581 848 775 915 huiusmodi
823 849 1029 917 decretorum
1087 853 1236 942 terminis
1282 853 1365 920 circa
1417 854 1679 920 reservationum

186 958 418 1024 extensionem
436 956 533 1041 quasi
550 957 741 1022 necessario
758 956 860 1023 dubia
885 959 961 1023 oriri
985 957 1164 1038 debebant,
1189 961 1381 1043 praesertim
1406 979 1481 1027 curn
1506 961 1539 1025 in
1564 961 1679 1027 ultima

185 1065 426 1133 constitutione
444 1063 544 1149 priori
561 1082 606 1129 sc.
624 1062 678 1128 die
695 1063 906 1147 praecedenti
930 1064 1033 1131 tactae
1057 1083 1214 1150 expresse
1239 1067 1333 1132 nullo
1362 1065 1466 1133 modo
1491 1067 1679 1152 derogetur.

290 1170 357 1238 Sed
382 1189 424 1236 ex
447 1171 686 1255 prorogatione
711 1170 861 1236 eiusdem
886 1172 1134 1238 constitutionis
1159 1191 1203 1239 sc.
1237 1171 1454 1250 ,Sollicitudo
1479 1174 1675 1258 pastoralis“

182 1278 239 1345 die
263 1279 294 1344 8.
319 1278 415 1344 Febr.
443 1276 562 1362 13461)
588 1277 630 1342 ab
666 1275 787 1342 eodem
824 1276 978 1350 Romano
1008 1277 1170 1345 Pontifice
1205 1278 1247 1344 ad
1283 1278 1468 1346 secundum
1504 1280 1677 1346 biennium

182 1386 218 1451 in
243 1384 362 1469 iisdem
386 1383 556 1450 territoriis
580 1383 664 1448 lacta
681 1383 762 1448 satis
779 1387 925 1468 apparet,
950 1383 1100 1450 ultimam
1117 1385 1258 1451 lormam
1276 1404 1320 1451 sc.
1338 1385 1392 1453 die
1411 1387 1461 1451 14.
1479 1386 1573 1453 Febr.
1595 1387 1679 1453 1344

184 1491 309 1558 editam
349 1490 551 1556 remansisse
590 1489 890 1556 fundamentum
930 1492 1192 1576 prorogationis,
1233 1492 1274 1558 ad
1299 1511 1400 1577 quam
1426 1493 1533 1559 solam
1558 1493 1677 1559 iisdem

185 1597 300 1663 verbis
323 1597 529 1681 provocatur.

296 1702 371 1769 Hoc
391 1703 465 1770 loco
490 1700 697 1768 nominanda
722 1705 799 1769 sunt
823 1704 920 1770 etiam
945 1705 1120 1788 sequentia
1155 1704 1284 1772 decreta
1321 1704 1471 1773 eiusdem
1495 1706 1677 1787 Pontificis,

192 1828 280 1894 quae
310 1811 527 1878 inscribuntur
569 1809 797 1888 ,Relaxatio
833 1829 903 1895 pro
941 1812 1269 1896 exspectantibus
1305 1812 1352 1878 ad
1391 1812 1594 1879 biennium
1631 1813 1677 1878 de

191 1917 399 1984 beneficiis
415 1917 691 2003 reservatis“2)
710 1915 811 2002 (1344
828 1917 902 1984 Oct.
924 1918 977 2004 1.).
1020 1917 1270 1995 ,Declaratio
1287 1919 1412 2003 prima
1427 1920 1463 1985 et
1480 1920 1677 1985 restrictio

190 2024 447 2090 relaxationis
463 2025 676 2109 gratiarum
692 2025 1005 2109 exspectantium
1024 2042 1142 2109 super
1158 2025 1553 2112 reservationibus“³)
1567 2024 1676 2112 (ed).

190 2130 392 2209 ,Secunda
417 2131 635 2198 declaratio
660 2131 949 2197 relaxationis“
977 2129 1078 2216 (1344
1103 2131 1176 2198 Oct.
1205 2131 1270 2218 19.)
1291 2131 1314 2218 ).

288 2238 322 2303 ln
348 2238 457 2323 primo
492 2237 622 2304 decreto
659 2239 809 2304 statuitur
844 2239 877 2304 in
913 2239 1065 2304 levamen
1090 2256 1217 2317 eorum,
1250 2239 1307 2323 qui
1342 2239 1459 2323 vigore
1484 2239 1676 2305 Litterarum

183 2342 452 2429 apostolicarum
476 2346 554 2410 tunc
578 2346 609 2411 et
633 2345 666 2410 in
691 2348 788 2411 antea
813 2344 978 2429 quaedam
1003 2345 1166 2411 beneficia
1184 2345 1281 2429 quasi
1297 2345 1414 2411 trustra
1431 2346 1676 2430 exspectabant,

183 2450 276 2535 quod
313 2470 353 2518 ex
397 2450 532 2535 speciali
567 2452 789 2518 concessione
815 2450 856 2517 ad
881 2451 1085 2518 biennium
1114 2453 1242 2517 tantum
1267 2452 1390 2518 valenti
1415 2453 1547 2536 possint
1570 2452 1676 2519 lacere

183 2558 246 2624 sibi
276 2557 443 2644 provideri
472 2557 514 2624 de
538 2558 739 2642 praebendis
762 2559 829 2622 tam
855 2558 889 2623 in
915 2557 1161 2624 cathedralibus
1195 2576 1295 2642 quam
1321 2557 1505 2642 collegiatis
1529 2559 1676 2626 ecclesiis

183 2683 316 2732 necnon
341 2665 383 2731 de
411 2665 583 2732 beneficiis
611 2665 843 2731 ecclesiasticis
866 2683 893 2730 c.
918 2683 994 2731 cura
1023 2665 1195 2749 sexaginta
1222 2664 1275 2730 vel
1303 2684 1329 2730 s.
1357 2683 1434 2731 cura
1458 2666 1677 2750 quadraginta
1782 2750 1788 2760 .

182 2772 339 2839 librarum
390 2770 636 2838 Turonensium
687 2789 756 2837 non
796 2769 1043 2850 excedentibus,
1094 2772 1223 2837 etiamsi
1275 2771 1356 2837 alias
1403 2772 1468 2837 sint
1513 2777 1677 2839 reservata

182 2878 398 2964 dispositioni
423 2877 520 2945 Sedis
543 2877 769 2963 Apostolicae.

288 2985 372 3052 Orto
395 2988 506 3052 tamen
543 2986 655 3051 subito
680 2984 794 3068 aliquo
826 2984 929 3050 dubio
965 2985 1048 3051 circa
1084 2985 1315 3050 extensionem
1352 2982 1428 3050 dicti
1464 2984 1585 3052 decreti
1610 2987 1675 3052 iam

182 3092 304 3160 eodem
330 3092 384 3159 die
409 3111 453 3159 sc.
482 3093 509 3157 1.
528 3091 602 3158 Oct.
627 3109 655 3156 e.
673 3110 701 3157 a.
727 3090 951 3175 supradictam
976 3090 1234 3157 declarationem
1260 3090 1388 3169 adiecit,
1413 3092 1506 3174 quod
1530 3093 1674 3176 primum

182 3199 247 3266 hoc
271 3200 438 3265 decretum
462 3199 562 3264 nimis
578 3198 727 3283 amplum
745 3199 777 3264 et
792 3196 889 3263 valde
907 3197 1063 3263 odiosum
1080 3216 1116 3263 se
1142 3197 1203 3274 „ad
1220 3196 1409 3282 dignitates,
1427 3201 1675 3282 praeposituras

182 3308 361 3384 mensataS,
397 3309 597 3391 personatus
631 3307 662 3370 et
697 3304 807 3370 olticia
843 3304 1037 3369 huiusmodi
1072 3305 1142 3369 sive
1178 3321 1289 3370 curam
1322 3304 1466 3370 habeant
1489 3306 1673 3372 animarum

183 3413 253 3478 sive
289 3432 358 3479 non
395 3431 432 3479 ac
468 3413 566 3479 etiam
603 3409 644 3476 ad
669 3411 833 3495 prioratus
864 3412 920 3475 aut
944 3428 1165 3495 quaecunque
1190 3409 1253 3476 alia
1281 3411 1443 3477 beneficia
1477 3411 1530 3478 vel
1566 3414 1675 3479 ollicia

182 3519 382 3603 regularium
430 3535 708 3603 quorumcunque
760 3535 797 3583 ac
838 3516 880 3583 ad
925 3517 1141 3583 canonicatus
1176 3520 1208 3583 et
1242 3517 1452 3602 praebendas
1487 3518 1675 3603 praedictos

185 3625 396 3710 aliquatenus
421 3643 498 3691 non
524 3624 716 3691 extendi.“

287 3731 398 3798 Tertio
433 3749 512 3797 vero
548 3731 680 3798 decreto
706 3730 807 3815 (1344
832 3729 906 3796 Oct.
939 3729 1003 3816 19.)
1028 3747 1185 3814 expresse
1220 3729 1411 3809 declaratur,
1436 3731 1674 3799 relaxationem

182 3840 442 3905 reservationum
460 3838 681 3923 praebendas,
699 3855 783 3921 quas
800 3836 902 3921 aliqui
917 3837 950 3902 in
968 3836 1086 3903 iisdem
1105 3837 1254 3904 ecclesiis
1271 3855 1338 3902 una
1354 3854 1428 3903 cunr
1442 3837 1673 3922 dignitatibus,

181 3945 417 4029 personatibus
442 3944 572 4022 officiis,
598 3943 782 4022 beneliciis,
807 3943 1018 4027 prioratibus,
1054 3944 1302 4028 praeposituris,
1328 3943 1674 4011 administrationibus

182 4068 241 4117 seu
282 4052 443 4118 mensatis
478 4051 676 4117 obtinebant
714 4049 864 4125 ,etiamsi
897 4050 945 4115 eis
978 4047 1037 4133 (sc.
1062 4048 1283 4134 dignitatibus
1315 4052 1389 4132 etc.)
1430 4069 1578 4117 annexae
1603 4070 1671 4117 non

183 4195 397 4204 ——..—.—

242 4279 265 4350 1)
285 4280 353 4335 Cod.
373 4281 402 4336 B.
421 4282 467 4335 iol.
489 4281 547 4336 110.
586 4280 725 4349 (,Dudum
744 4279 908 4344 videlicet“).

287 4368 356 4424 Cod.
375 4371 408 4424 V.
427 4370 473 4425 lol.
493 4369 569 4425 8610.

287 4457 315 4510 P.
335 4459 389 4512 Vll.
409 4458 444 4512 n⁰
462 4458 505 4514 35.

243 4544 264 4613 ²)
285 4545 349 4616 Reg.
368 4547 427 4601 Vat.
447 4548 465 4601 t.
485 4548 545 4603 216.
565 4548 611 4602 iol.
633 4546 705 4601 llt⁰.

287 4633 356 4689 Cod.
375 4635 405 4690 B.
424 4635 471 4689 iol.
492 4637 640 4691 122—123.

290 4723 359 4779 Cod.
378 4725 411 4778 V.
430 4724 476 4779 lol.
495 4726 609 4781 90-91.

288 4813 317 4868 P.
336 4813 390 4867 Vll.
409 4812 444 4866 n⁰
462 4814 505 4868 36.

241 4900 263 4970 3)
284 4903 348 4972 Reg.
369 4902 429 4956 Vat.
449 4902 465 4955 l.
485 4918 507 4956 c.
526 4902 572 4956 lol.
594 4903 634 4959 15.

288 4991 355 5045 Cod.
376 4990 406 5044 B.
426 4990 471 5044 fol.
494 4991 640 5045 114-116.

289 5080 317 5133 P.
337 5080 391 5134 Vll.
412 5077 446 5133 n⁰
464 5079 507 5133 37.

244 5168 267 5235 ⁴)
286 5168 355 5223 Cod.
375 5168 405 5223 B.
425 5167 470 5221 iol.
493 5166 639 5221 116-117.

286 5256 355 5312 Cod.
375 5257 407 5310 V.
427 5256 473 5310 fol.
492 5254 642 5311 88-8810.

286 5347 314 5402 P.
333 5347 387 5401 Vll.
407 5344 442 5399 n⁰
460 5346 503 5400 38.
