1023 1631
524 133 546 148 ω
907 73 972 176 *r

163 188 193 205 per
212 188 249 204 nos,
267 184 285 200 ut
302 184 405 205 premittitur,
423 184 465 201 facte
484 189 516 201 seu
534 184 615 205 faciende,
633 185 758 206 aoceptacinnes
771 185 787 201 et
801 185 914 206 provisiones

163 209 261 229 huiusmodi
267 210 337 227 minime
346 211 471 232 precessissent,
478 211 585 233 presentibus
597 212 637 233 pust
648 211 735 228 biennium
747 211 816 228 minime
827 211 914 228 valituris.

162 236 207 254 Nulli
220 242 260 259 ergo
272 238 302 254 etc.
325 237 342 254 Si
355 238 393 259 quis
406 238 461 254 autem
473 238 503 255 etc.

214 273 277 290 Datum
289 273 373 290 Avinione
384 273 460 290 kalendis
472 273 552 290 Octobris
564 274 672 295 pontificatus
683 274 735 291 nostri
747 278 762 291 a.
774 274 828 291 tertio*

519 389 550 409 37.

163 424 198 438 1³44
207 424 237 438 ott.
248 425 259 438 1.

163 446 197 461 [bd.
206 446 221 460 B.
230 447 254 460 iol.
265 447 339 461 114—-115,

162 491 270 512 Declaracio
285 493 344 517 prima
361 493 379 512 et
397 493 485 512 restrictio
508 492 628 512 relaxacionis
646 493 749 518 graciarum
768 493 911 518 expectandum

417 534 474 553 super
488 528 654 548 reservacionibus.

245 567 335 588 Clemens
349 569 450 593 episcopus
465 569 498 588 etc,
528 568 559 588 Ad
572 568 652 588 iuturam
667 569 692 588 rei
707 569 823 588 memoriam.

215 612 312 633 Apostolice
325 612 369 629 sedis
382 612 489 634 providencia
501 613 620 634 circumspecta
633 612 653 629 ad
666 613 702 632 illa,
719 617 751 633 que
764 613 830 634 plenius
843 612 911 629 ordinat

163 639 179 655 et
196 638 276 660 disponit,
294 638 418 658 declaracionis,
437 639 465 655 ubi
478 639 551 660 expedit,
564 644 594 655 sue
606 639 720 660 provisionem
733 639 794 659 adiicit,
812 640 861 660 prout
873 639 910 655 iore

162 666 244 687 conspicit
256 666 363 687 oportunum.
383 665 439 682 Hodie
451 666 536 687 siquidem
549 670 569 684 ex
576 666 624 682 certis
633 666 687 682 causis
696 666 781 682 voluimus
789 667 806 682 et
815 666 910 687 apostolica

162 692 258 709 auctoritate
276 697 306 713 per
323 694 388 709 nostras
405 693 444 709 certi
461 693 525 709 tenoris
543 693 605 709 litteras
620 693 698 709 duximus
710 692 839 712 decernendum,
856 692 910 713 quod,

163 719 291 740 quibuscunque
304 719 446 736 reservacionibus
459 719 560 740 specialibus
573 719 594 736 de
606 720 654 736 certis
662 719 787 736 canonicatibus
796 720 811 735 et
818 719 909 740 prebendis

163 746 271 767 singularium
288 746 304 762 et
320 747 399 762 certarum
416 750 525 767 personarum
541 746 567 762 vel
582 746 675 767 collegiatis
691 746 765 762 ecclesiis
780 746 910 767 quibuscunque

163 777 193 789 seu
205 772 226 788 de
238 772 286 789 certis
298 772 385 789 beneficiis
397 772 514 789 ecclesiasticis
526 777 634 794 personarum
647 774 726 789 certarum
739 777 776 789 curn
789 777 827 789 cura
839 773 864 789 vel
871 773 909 789 sine

162 804 200 817 cura
218 799 257 815 tunc
275 804 305 821 per
324 804 356 817 nos
375 799 422 817 tactis
442 800 471 817 aut
488 799 555 815 inantea
573 799 653 817 iaciendis
671 804 778 821 nequaquam
796 800 909 820 obstantibus,

164 827 270 848 expectantes
287 831 317 848 per
334 828 399 843 nostras
418 827 480 843 litteras
499 827 601 848 apostolicas
622 827 729 843 canonicatus
747 828 763 843 et
781 827 874 848 prebendas
893 828 910 843 et

163 853 243 870 beneficia
261 854 373 870 ecclesiastica
390 858 427 870 cun-r
446 858 484 870 cura
501 854 528 870 vel
546 854 582 870 sine
600 858 638 870 cura
656 854 741 875 presentes
759 854 819 875 pariter
831 854 847 870 et
858 854 909 870 futuri

162 880 270 897 canonicatus
286 881 302 897 et
317 880 411 901 prebendas
426 881 459 897 tarn
472 881 489 897 in
501 880 624 897 cathedralibus
637 885 686 901 quam
700 881 716 897 in
728 880 821 901 collegiatis
833 880 909 897 ecclesiis

163 907 262 928 supradictis
280 912 346 923 necnon
364 907 446 924 beneficia
464 907 575 924 ecclesiastica
594 912 631 923 cum
644 912 682 923 cura
694 907 719 923 vel
733 907 769 923 sine
781 912 824 926 cura,
837 911 909 928 quorum

163 933 231 955 quidem
240 934 359 950 beneficiorum
368 934 435 953 iructus,
444 934 518 950 redditus
527 935 543 950 et
555 935 651 955 proventus.
664 934 677 950 si
690 939 727 950 cum
740 939 777 950 cura
790 934 881 955 sexaginta,
894 934 908 950 si

162 965 202 977 vero
215 960 251 977 sine
263 965 301 977 cura
313 961 367 977 forent
380 961 488 982 quadraginta
497 961 575 977 librarum
584 961 707 977 Turonensium
717 965 804 982 parvorum
816 960 908 977 secundum

162 987 266 1003 taxacionem
287 987 351 1003 decime
370 987 443 1004 valorem
463 992 539 1004 annuum
558 992 591 1004 non
609 987 711 1007 excederent,
732 987 800 1008 perinde
816 992 870 1008 usque
887 987 909 1003 ad

162 1014 249 1030 biennium
261 1015 300 1030 tunc
312 1014 407 1035 perentorio
419 1014 497 1034 futurum,
510 1014 568 1035 vigore
577 1014 657 1030 dictarum
666 1014 755 1030 litterarum
764 1014 815 1031 libere
824 1014 909 1035 acceptare

163 1041 178 1057 et
196 1041 216 1057 de
235 1041 276 1062 ipsis
295 1041 326 1057 sibi
339 1041 392 1057 iacere
408 1041 491 1062 provideri
504 1041 583 1060 valerent,
596 1046 614 1057 ac
627 1041 640 1057 si
653 1041 726 1062 predicte
739 1041 867 1060 reservaciones,
880 1045 910 1061 per

163 1072 199 1087 nos,
212 1068 230 1083 ut
238 1067 342 1088 premittitur,
354 1068 396 1084 tacte
409 1072 438 1084 seu
447 1067 528 1087 faciende,
539 1068 665 1089 acceptaciones
674 1069 689 1084 et
698 1068 803 1089 provisiones
812 1067 908 1084 huiusmodi

164 1094 233 1110 minime
251 1094 377 1115 processissent.
406 1094 473 1114 Verum,
486 1094 526 1115 quia
539 1095 597 1116 posset
609 1095 693 1115 aliquibus
706 1094 791 1115 pervenire
804 1094 820 1110 in
833 1094 908 1114 dubium,

163 1121 217 1137 utrurn
236 1121 252 1137 in
270 1121 356 1137 voluntate
375 1122 391 1137 et
402 1121 468 1138 decreto
480 1121 543 1138 nostris
555 1121 633 1142 predictis
645 1126 677 1137 nos
689 1121 801 1137 intelleximus
814 1121 908 1142 dignitates,

163 1147 276 1169 preposituras
288 1148 377 1167 mensatas,
394 1149 493 1169 personatus
506 1148 522 1164 et
535 1148 589 1164 oiiicia
602 1148 713 1164 ecclesiastica
725 1148 753 1164 aut
765 1148 817 1164 eciam
830 1152 908 1168 quorum-

162 1179 229 1195 cunque
241 1174 340 1195 regularium
353 1175 435 1196 prioratus
448 1179 477 1191 seu
490 1175 550 1196 quevis
563 1179 619 1191 eorum
633 1174 714 1191 beneficia
726 1175 752 1190 vel
761 1174 816 1190 otticia
824 1179 861 1190 curn
871 1179 908 1190 cura

162 1201 188 1217 vel
206 1201 242 1217 sine
260 1205 298 1218 cura
316 1206 346 1218 seu
363 1201 472 1218 canonicatus
495 1202 511 1217 et
529 1201 629 1222 prebendas,
648 1206 691 1222 quos
709 1201 789 1217 habentes
807 1201 833 1217 vel
849 1202 909 1217 extunc

162 1228 239 1247 habituri,
252 1227 347 1249 dignitates,
360 1229 465 1249 personatus,
478 1228 539 1247 oiiicia,
556 1228 669 1249 preposituras
682 1232 711 1244 seu
724 1229 808 1244 mensatas
820 1232 857 1244 curn
870 1232 908 1244 cura

162 1254 189 1271 vel
206 1254 243 1271 sine
260 1259 303 1274 cura,
315 1259 345 1276 per
362 1259 394 1271 nos
411 1255 450 1271 tunc
462 1255 543 1276 temporis
556 1254 649 1276 specialiter
661 1255 743 1271 reservata
755 1255 781 1271 vel
794 1254 810 1270 in
823 1255 908 1275 posterum

162 1281 266 1300 reservanda,
285 1281 383 1298 obtinebant
400 1281 426 1297 vel
444 1281 540 1297 obtinerent
552 1281 568 1297 in
581 1282 630 1297 antea
648 1281 664 1297 in
679 1281 712 1297 illis
724 1281 804 1300 ecclesiis,
817 1281 833 1297 in
846 1281 908 1302 quibus

162 1308 272 1324 consisterent
285 1308 380 1329 dignitates,
393 1309 498 1329 personatus,
511 1308 572 1327 officia,
584 1308 688 1329 prepositure
697 1312 726 1324 seu
739 1309 814 1324 mensate
827 1308 908 1324 reservate

162 1335 188 1351 vel
203 1334 307 1354 reservande,
324 1335 341 1351 ut
353 1335 456 1356 premittitur,
469 1334 595 1356 comprehendi,
609 1335 691 1356 presentis
703 1335 829 1351 constitucionis
842 1334 909 1350 oraculo

162 1361 265 1377 declaramus
278 1361 380 1378 voluntatem
393 1362 408 1378 et
417 1361 500 1378 decretum
510 1362 567 1378 nostra
578 1361 656 1383 predicta,
668 1361 688 1377 ad
697 1361 787 1382 dignitates
796 1361 909 1382 preposituras

162 1388 252 1407 mensatas,
265 1389 364 1409 personatus
376 1389 392 1404 et
404 1388 459 1405 oiticia
471 1388 569 1404 huiusmodi
581 1388 617 1405 sive
628 1392 684 1405 curam
693 1388 764 1404 habeant
773 1388 865 1404 animarum
874 1388 909 1404 sive
