1023 1631
519 145 539 159 72

156 201 193 214 cum
206 201 244 213 cura
256 196 282 213 vel
294 197 331 213 sine
343 201 381 213 cura
393 201 412 213 ac
423 196 475 213 eciam
488 196 612 213 reservat-,iones
624 196 645 213 de
657 196 705 213 certis
718 197 734 213 et
745 196 829 217 expressis
843 196 902 213 huius-

156 223 202 240 modi
214 223 306 243 beneficiis,
324 227 361 239 cum
381 223 458 240 vacarent
469 227 499 244 per
510 223 636 240 assecutionem
649 223 735 244 pacificam
747 223 814 239 alterius
826 223 903 240 beneficii

156 250 182 267 vel
211 254 240 271 per
263 254 324 266 munus
347 250 480 266 consecracionis
504 249 631 271 suscipiendum
653 249 680 266 vel
703 249 737 266 alio
760 249 822 271 quovis
845 249 903 269 modo,

156 276 303 298 commissiones’l)
322 277 391 297 insuper
409 276 491 293 facultatis
511 281 542 293 seu
563 276 650 297 potestatis
671 276 760 297 quibusvis
779 276 830 292 iactas
853 281 904 297 super

156 303 253 320 huiusmodi
269 303 385 320 ecclesiasticis
401 303 487 320 beneficiis
502 303 585 319 vacaturis
597 303 694 319 auctoritate
710 303 802 324 apostolica
817 303 869 319 eciam
882 303 903 319 ad

156 330 292 347 nominacionem
303 330 369 346 alterius
382 330 485 346 reservandis
497 330 526 346 aut
538 330 590 346 eciam
599 329 710 349 conterendis,
723 330 739 346 in
752 330 814 351 quibus
826 329 902 346 nondum

156 357 181 373 est
193 357 209 373 in
222 361 239 373 re
250 357 288 373 licet
300 356 321 373 ad
333 361 367 373 rern
377 357 426 373 alicui
440 357 466 373 ius
480 357 571 378 quesitum,
583 356 714 373 commissiones
723 361 792 377 quoque
800 356 816 373 et
825 356 903 373 mandata

157 388 207 405 super
224 383 324 404 recipiendis
342 384 420 404 personis
437 383 523 404 aliquibus
540 383 556 399 in
569 383 643 399 ecclesiis
656 383 682 399 vel
694 383 800 399 monasteriis
813 383 848 399 sive
861 383 902 400 locis

156 410 193 427 aliis
215 410 326 431 regularibus,
350 415 383 431 que
406 410 423 426 in
446 410 471 426 eis
496 410 565 426 minime
590 410 629 426 sunt
649 410 721 431 recepte,
745 414 754 426 a
774 410 903 431 quibuscunque
917 427 921 430 ,

156 437 303 458 predecessoribus
317 437 379 453 nostris
392 437 472 454 Romanis
484 436 593 458 pontificibus
605 436 656 453 iactas
669 441 699 453 seu
716 436 758 453 iacta
770 441 860 453 concessas
873 441 902 453 seu

156 468 237 480 concessa
259 463 388 485 quibuscunque
407 464 489 485 personis,
511 463 627 484 cuiuscunque
647 463 757 483 condicionis,
777 463 902 484 preeminentie,

156 490 220 507 ordinis
232 490 267 507 sive
280 491 332 506 status
349 495 378 511 per
390 490 487 507 eorumdem
500 490 638 511 predecessorum
651 490 712 506 litteras
730 490 762 506 sub
773 490 903 511 quibuscunque

156 517 218 536 tenore,
231 517 288 537 modo,
301 517 353 533 ior-ma
366 517 392 533 vel
403 517 514 533 concessione
527 517 615 533 verborum
628 521 722 538 omnesque
734 521 823 538 processus
836 517 903 533 habitos

156 548 186 565 per
203 544 276 563 easdem,
294 544 361 560 eciamsi
379 544 396 560 in
414 543 488 560 ecclesiis
506 543 609 560 secularibus
627 548 683 560 earum
703 544 759 564 alique
776 544 793 560 in
811 544 903 560 canonicos

156 571 189 587 sint
207 571 271 592 recepte
289 575 308 587 ac
325 570 392 587 eciamsi
410 575 439 592 per
453 571 550 587 executores
568 575 624 587 earum
639 570 681 587 tacte
698 570 758 586 tuerint
773 570 902 590 reservaciones,

156 597 267 613 inhibiciones
280 598 296 613 et
308 597 368 613 decreti
379 597 520 618 interposiciones
528 597 557 613 aut
565 597 579 613 si
588 601 643 613 earum
653 597 708 618 alique
717 597 813 613 auctoritate
821 597 902 614 dictarum

156 624 245 640 litterarum
264 624 280 640 in
304 624 388 645 aliquibus
406 624 480 640 ecclesiis
503 624 606 640 secularibus
624 624 665 640 ultra
684 624 763 640 statutum
783 624 902 640 canonicorum

156 655 244 667 numerum
262 651 279 667 in
296 651 387 667 canonicos
400 650 432 667 sint
444 651 515 672 recepte,
532 651 612 672 quantum
630 650 650 667 ad
668 650 759 672 capitulum
771 651 788 667 et
800 650 821 667 ad
833 650 901 667 chorum

156 678 172 694 et
183 677 307 698 perceptionem
320 677 458 694 distribucionum
471 677 599 694 cottidianarum
611 678 627 693 et
640 677 761 698 plenitudinem
774 677 814 693 iuris
826 677 902 694 canonici

156 704 233 724 habeant,
246 704 276 720 sed
289 704 305 720 in
318 704 342 720 eis
355 704 454 725 prebendas,
470 704 566 725 dignitates,
579 705 679 725 personatus
694 704 729 720 sive
741 704 829 725 porciones
842 705 858 720 et
870 704 902 720 alia

156 731 242 750 beneficia,
263 735 296 752 que
319 731 379 747 dantur
397 731 461 747 tantum
481 731 592 747 existentibus
615 731 636 747 de
656 735 725 747 numero
746 735 789 747 nunc
809 731 902 752 expectent,

156 757 252 774 auctoritate
264 757 357 778 apostolica
369 757 390 774 de
407 757 474 774 fratrum
492 758 588 774 nostrorum
606 758 677 774 consilio
696 762 798 776 revocamus,
810 762 902 777 cassamus,

156 784 238 800 irritamus
256 785 273 800 et
289 788 384 803 vacuamus,
403 789 456 805 eaque
473 789 527 804 cassa,
544 784 587 800 irrita
599 785 615 801 et
627 789 678 801 vacua
695 784 794 801 nunciamus
810 785 826 800 et
840 784 902 800 nullius
916 802 919 804 Δ

156 811 226 828 existere
237 811 325 828 firmitatis.
348 811 414 832 Verum,
430 811 444 828 si
464 811 562 828 huiusmodi
577 817 648 833 persone
669 812 734 833 recepte
754 811 795 828 ultra
814 815 902 828 numerum

156 838 284 855 distribuciones
295 839 311 855 et
319 839 356 856 alia,
369 840 386 855 ut
398 839 473 855 canonici
486 839 506 855 de
520 843 589 855 numero
602 839 697 858 existentes,
710 839 733 855 sic
746 839 843 860 percipiunt,
856 838 902 860 quod

157 870 186 886 per
202 866 297 882 cessionem
314 865 339 881 vel
358 865 445 882 decessum
458 866 531 885 illorum,
549 866 577 886 qui
596 866 635 882 sunt
652 866 693 882 intra
706 870 799 884 numerum,
812 870 831 882 ex
843 865 901 886 vigore

156 892 236 908 dictarum
254 893 343 909 litterarum
361 892 433 913 amplius
446 892 514 913 assequi
530 892 553 908 nil
567 893 658 913 expectent,
671 892 703 908 nisi
718 892 858 909 distribucionum
871 897 901 908 seu

157 919 230 940 parcium
243 924 309 935 suarum
322 920 437 940 augmentum,
449 923 486 935 cum
497 919 554 935 forsan
564 919 612 935 sicin
625 919 700 938 ecclesia,
713 919 729 935 in
742 924 775 940 qua
784 919 901 935 canonicorum

156 950 191 962 non
214 946 269 962 autem
293 946 392 967 porcionum
416 950 495 962 numerus
515 946 541 962 vel
562 945 683 967 prebendarum
709 946 794 962 distinctio
818 946 902 965 habeatur,

156 973 254 993 quantoque
274 973 316 989 inter
340 972 427 993 pauciores
447 972 524 988 eiusdem
544 972 612 989 ecclesie
632 972 728 988 dividuntur
746 973 836 993 proventus
855 973 902 989 tanto

156 999 228 1015 maiores
254 999 289 1015 tieri
313 1000 384 1020 possunt
407 999 512 1020 singulorum
543 999 671 1020 percipiencium
698 999 793 1020 porciones,
817 999 837 1015 ad
861 999 902 1016 istos

156 1030 222 1042 necnon
240 1026 261 1042 ad
279 1030 314 1045 eos,
333 1026 394 1047 quibus
412 1026 432 1042 de
450 1026 498 1042 certis
517 1026 599 1047 expressis
620 1026 706 1042 beneficiis
730 1026 851 1045 ecclesiasticis,
869 1031 902 1047 que

156 1053 200 1069 certo
220 1052 271 1069 modo
289 1052 427 1073 proponebantur
438 1057 501 1072 vacare,
520 1052 563 1069 datis
583 1057 633 1074 super
651 1053 682 1069 lioc
700 1057 729 1074 per
747 1053 808 1069 litteras
820 1052 901 1069 dictorum

156 1079 292 1100 predecessorum
311 1079 432 1098 executoribus,
451 1079 471 1095 ad
490 1079 528 1096 illos
546 1079 604 1099 eciam,
621 1080 683 1100 quibus
698 1079 718 1096 de
731 1079 778 1096 certis
791 1080 806 1095 et
819 1079 902 1100 expressis

156 1106 253 1122 huiusmodi
271 1106 362 1125 beneficiis,
384 1110 421 1122 cum
437 1106 514 1122 vacarent
536 1110 565 1127 per
584 1106 709 1123 assecucionem
730 1106 814 1127 paciiicam
835 1106 902 1122 alterius

156 1132 232 1149 beneficii
244 1133 270 1149 vel
285 1137 314 1154 per
330 1137 390 1149 munus
403 1133 537 1149 consecracionis
550 1133 675 1154 suscipiendum
688 1133 713 1149 vel
726 1133 786 1153 quovis
799 1132 850 1149 modo
863 1133 902 1152 alio,

156 1160 173 1175 ut
189 1159 272 1181 prefertur,
293 1160 309 1175 et
330 1159 351 1175 ad
368 1164 403 1179 eos,
426 1160 487 1180 quibus
509 1164 539 1181 per
560 1160 613 1176 dictos
632 1159 759 1181 predecessores
778 1159 820 1176 iacte
838 1159 902 1176 fuerant

155 1186 210 1207 gracie
216 1190 253 1202 cum
261 1186 404 1203 reservacionibus
411 1186 539 1207 prebendarum,
552 1186 656 1207 dignitatum,
670 1187 796 1207 personatuum,
803 1186 902 1206 officiorum,

156 1213 264 1234 prioratuum,
277 1213 388 1232 ecclesiarum,
398 1213 501 1234 porcionum,
511 1213 659 1234 prestimoniorum
668 1213 772 1234 aliorumque
781 1213 901 1229 beneficiorum

156 1240 305 1256 ecclesiasticorum
331 1240 445 1256 vacaturorum
469 1240 572 1259 huiusmodi,
596 1244 629 1261 que
656 1241 694 1256 ante
718 1240 772 1256 datam
797 1240 901 1261 presencium

156 1267 250 1283 vacaverint
267 1267 283 1283 et
297 1266 351 1283 adhuc
369 1267 432 1286 vacant,
452 1267 468 1283 et
486 1271 516 1287 per
528 1267 640 1287 impetrantes,
659 1267 720 1287 quibus
739 1267 784 1283 erant
796 1266 902 1287 provisiones

156 1293 254 1310 huiusmodi
268 1293 343 1310 faciende
357 1298 366 1309 a
382 1293 417 1309 suis
429 1293 547 1310 executoribus
559 1293 628 1314 petitum
641 1293 693 1312 iuerit,
712 1293 758 1314 quod
770 1293 808 1309 talia
821 1293 902 1309 beneficia

156 1320 180 1336 sic
191 1320 269 1336 vacancia
281 1320 305 1336 eis
315 1320 410 1336 conferrent
421 1324 452 1336 nec
464 1324 493 1341 per
505 1324 536 1336 eos
549 1320 597 1339 stetit,
610 1320 701 1341 quominus
710 1320 822 1336 conferrentur
830 1320 902 1339 eisdem

156 1351 222 1363 necnon
242 1347 262 1363 ad
282 1351 317 1366 eos,
337 1347 366 1367 qui
386 1351 415 1367 per
434 1346 496 1363 litteras
517 1347 598 1363 dictorum
624 1347 760 1367 predecessorum
781 1347 798 1363 in
818 1346 902 1367 aliquibus

156 1373 231 1390 ecclesiis
251 1374 267 1390 in
287 1373 378 1390 canonicos
397 1374 436 1389 sunt
455 1373 517 1394 recepti
537 1378 556 1390 ac
575 1373 670 1394 dignitates,
690 1374 789 1394 personatus
804 1373 829 1389 vel
847 1373 902 1389 officia

156 1400 241 1417 canonicis
256 1400 341 1417 dumtaxat
358 1401 438 1417 consueta
457 1400 533 1420 conferri,
551 1399 630 1417 dictarum
649 1400 738 1417 litterarum
756 1400 782 1417 vel
794 1400 826 1417 alia
842 1400 901 1421 quavis
