3720 5932
931 300 947 355 7

302 505 353 570 De
379 504 511 588 Legatis
544 522 562 568 a
594 503 693 569 latere
725 505 825 568 restat
862 506 989 569 tantum
1022 503 1211 583 dicendum,
1251 504 1326 570 illos
1356 508 1547 590 tempore
1584 523 1684 570 suae

196 612 436 696 legationis
460 629 500 676 ex
524 609 747 695 dispositione
765 610 844 676 iuris
861 611 1050 676 communis
1067 611 1219 695 potuisse
1235 629 1399 677 reservare
1417 630 1498 677 suae
1514 610 1684 677 collationi

197 718 359 784 beneficia
383 716 533 781 nondum
558 717 708 782 vacantia
737 718 769 781 et
793 717 943 800 proxime
968 719 1120 783 vacatura
1143 735 1218 783 cum
1241 719 1337 783 certis
1361 718 1615 784 limitationibus
1640 718 1684 783 ob

197 843 268 890 eam
295 843 429 891 causam
455 822 601 901 adiectis
627 841 669 888 ne
693 822 793 889 nimis
817 824 1077 907 aggravarentur
1100 824 1274 890 collatores
1298 824 1496 911 ordinariil)

304 931 438 1015 Reliqui·
445 948 523 996 vero
532 930 646 1015 Legati
653 929 837 1014 Apostolici
852 930 1005 1014 quamvis
1018 931 1134 996 saltem
1149 930 1190 996 de
1204 931 1277 1022 iure
1286 932 1455 997 communi
1470 932 1535 997 illis
1548 932 1638 998 nulla
1651 934 1685 997 in

197 1038 436 1105 beneficiorum
472 1037 699 1122 provisionem
736 1039 825 1102 esset
863 1039 1022 1122 potestas,
1056 1040 1168 1103 tamen
1208 1039 1400 1122 praesertim
1430 1041 1592 1124 tempore,
1618 1057 1685 1123 quo

197 1145 340 1218 Romani
365 1143 545 1209 Pontifices
569 1142 743 1209 Avenione
774 1143 974 1221 residebant,
1006 1144 1194 1210 necessario
1226 1145 1445 1230 amplioribus
1475 1146 1686 1212 facultatibus

198 1254 290 1317 erant
323 1250 483 1328 donandi,
519 1253 554 1315 ut
590 1250 714 1315 maiore
738 1251 930 1316 auctoritate
966 1250 1114 1317 instructi
1154 1251 1273 1317 melius
1305 1253 1517 1319 ecclesiarum
1542 1252 1687 1337 negotiis

198 1376 384 1426 succurrere
408 1357 599 1443 valerent.)

303 1465 368 1531 Sed
390 1465 471 1529 haec
491 1464 627 1549 quidem
648 1464 808 1530 hactenus
829 1464 869 1530 de
887 1465 956 1529 iure
972 1463 1114 1536 Romani
1131 1463 1304 1531 pontilicis
1321 1466 1509 1532 reservandi
1526 1466 1688 1533 beneficia

198 1573 232 1638 in
245 1590 368 1657 genere
380 1590 523 1637 —nunc
537 1572 617 1636 mihi
632 1570 797 1655 quaedam
812 1570 1005 1636 disserenda
1019 1573 1097 1636 sunt
1109 1571 1150 1636 de
1161 1571 1400 1656 principalibus
1414 1573 1687 1646 Reservationum

198 1678 467 1764 Apostolicorum
514 1678 749 1755 divisionibus,
794 1697 878 1762 quas
929 1678 1013 1742 inter
1060 1677 1256 1744 numerandi
1303 1679 1413 1745 solent
1448 1681 1688 1746 reservationes

198 1785 423 1871 generaleS,
461 1785 669 1870 speciales,
706 1785 743 1849 in
782 1803 947 1869 corpore
984 1784 1080 1850 iuris
1116 1784 1273 1851 clausae
1302 1804 1433 1852 necnon
1459 1790 1565 1852 extra
1590 1786 1688 1853 illud

199 1911 343 1977 corpus
383 1895 585 1976 vagantes.
634 1891 700 1957 Sed
740 1891 836 1956 dictis
882 1892 1077 1957 nominibus
1109 1930 1153 1937 —
1186 1910 1296 1977 neque
1335 1893 1368 1957 id
1408 1894 1527 1958 mirum
1566 1897 1616 1960 est
1645 1933 1690 1940 -

179 1999 254 2065 ‹alii
279 2002 430 2065 auctores
452 1999 534 2064 alias
557 1998 845 2083 comprehendunt
861 1999 1112 2063 reservationes.
1160 1997 1201 2062 Et
1217 1999 1360 2083 primurn
1379 1999 1514 2084 quidem
1531 1999 1689 2086 Philippo

200 2104 410 2191 Schneider3)
442 2105 594 2171 assentiri
626 2124 694 2170 non
727 2123 877 2189 possum,
910 2105 966 2189 qui
997 2104 1069 2170 illas
1097 2107 1225 2169 tantum
1262 2107 1503 2172 reservationes
1539 2108 1691 2173 nominat

200 2303 227 2354 in
247 2301 360 2354 ecclesia
384 2300 620 2354 Vratislavien.
641 2315 701 2353 cum
722 2314 784 2353 cura
808 2299 852 2352 vel
876 2301 935 2353 sine
954 2314 1015 2352 cura
1040 2300 1143 2353 etiamsi
1164 2303 1221 2369 ipsa
1246 2299 1363 2371 dignitas
1382 2302 1444 2369 post
1463 2303 1644 2371 episcopalem
1664 2305 1690 2356 in

201 2390 270 2444 dicta
291 2390 404 2443 ecclesia
424 2388 502 2443 fuerit
522 2391 606 2442 maior
625 2390 651 2443 et
670 2391 696 2441 in
716 2388 915 2458 Glogovien.
936 2391 1016 2458 atque
1036 2388 1190 2457 Opolien.
1211 2389 1331 2443 ecclesiis
1350 2390 1537 2444 Vratislavien.
1558 2391 1691 2446 dioecesis

201 2482 228 2532 in
247 2479 363 2550 singulis
383 2493 474 2532 earum
494 2479 615 2535 similiter
634 2478 717 2531 duos
737 2479 954 2531 canonicatus
979 2479 1005 2530 et
1025 2477 1106 2530 duas
1133 2478 1341 2545 praebendas
1361 2481 1488 2533 vacantes
1507 2480 1551 2533 vel
1570 2483 1691 2549 proxime

201 2570 340 2622 vacaturas
360 2568 439 2621 simul
459 2567 503 2621 vel
523 2569 678 2621 successive
698 2567 851 2635 spectantes
871 2582 919 2620 seu
939 2567 1104 2634 spectaturas
1128 2567 1162 2620 ad
1181 2551 1352 2620 collationem
1372 2582 1420 2621 seu
1439 2571 1623 2637 provisionem
1642 2571 1691 2624 etc.

201 2656 329 2726 Episcopi
358 2657 545 2711 Vratislavien.
584 2656 739 2709 auctoritate
770 2655 927 2723 Apostolica
959 2670 1096 2709 reservare
1125 2670 1155 2709 ac
1187 2655 1221 2709 de
1252 2656 1455 2710 canonicatibus
1481 2659 1507 2710 et
1531 2658 1693 2725 praebendis

202 2761 308 2800 necnon
332 2746 367 2800 de
396 2745 537 2816 dignitate,
566 2746 710 2814 personatu
740 2760 787 2797 seu
816 2744 907 2798 officio
935 2743 1078 2812 praedictis
1106 2744 1248 2812 providere
1276 2746 1453 2799 communiter
1480 2747 1524 2800 vel
1550 2748 1692 2815 separatim

202 2838 325 2904 personis
354 2835 460 2888 idoneis
489 2835 594 2888 adhoc
619 2836 748 2887 canonice
772 2833 864 2886 electis
888 2833 1057 2903 singulariter
1085 2833 1199 2903 singulis
1223 2834 1303 2886 etiam
1332 2833 1396 2886 alias
1420 2834 1587 2888 beneficiatis
1611 2835 1693 2889 libere

202 2925 291 2978 valeat
309 2939 339 2977 ac
359 2924 463 2977 eisdem
482 2926 606 2992 personis
634 2925 709 2991 ipsos
737 2922 856 2976 conferre
880 2936 941 2975 cum
969 2923 1160 2990 acceptatione,
1189 2922 1356 2986 inhibitione,
1385 2922 1492 2977 decreto
1521 2924 1547 2976 et
1575 2923 1692 2977 clausula

206 3012 358 3078 ,anteferri“
381 3015 486 3066 etcum
514 3014 622 3075 ,ceteris
641 3027 696 3065 non
716 3011 901 3065 obstantibus“
924 3012 1060 3064 consuetis
1080 3013 1108 3064 et
1126 3010 1253 3064 clausulis
1281 3013 1421 3079 oportunis
1448 3027 1478 3065 ac
1506 3013 1693 3066 executoribus

203 3103 338 3171 praedicta
358 3103 513 3155 auctoritate
531 3101 687 3168 Apostolica
706 3101 814 3169 plenam
834 3101 860 3153 et
879 3100 988 3153 liberam
1006 3099 1155 3153 concedere
1173 3099 1321 3169 dignemini
1337 3099 1489 3153 facultatem
1508 3102 1581 3154 utin
1600 3101 1693 3155 forma.

203 3192 273 3245 Fiat
292 3192 331 3245 de
350 3206 411 3244 una
431 3193 462 3243 in
483 3191 633 3259 qualibet
653 3191 750 3243 etiam
771 3190 810 3242 de
830 3189 997 3259 dignitate
1015 3190 1046 3241 in
1065 3188 1299 3242 Vratislavien.
1337 3188 1365 3247 R.

266 3279 286 3348 1)
307 3297 328 3334 c.
348 3280 372 3334 3.
393 3280 427 3332 de
455 3279 501 3332 oif.
521 3280 602 3349 legati
622 3279 638 3332 l.
662 3277 693 3332 15
722 3281 748 3331 in
776 3276 835 3332 Vl⁰.
873 3293 894 3331 c.
914 3278 939 3332 9.
964 3278 998 3330 de
1026 3278 1116 3346 praeb.
1146 3279 1171 3331 et
1200 3278 1274 3348 dign.
1294 3277 1331 3332 111.
1351 3281 1368 3331 4
1388 3281 1414 3331 in
1433 3277 1492 3332 Vl0.
1531 3295 1552 3332 c.
1573 3280 1614 3334 22.
1635 3280 1651 3333 1.
1671 3295 1693 3334 c.

204 3369 429 3440 Schmalzgruber
448 3369 463 3422 1.
485 3385 506 3422 c.
527 3369 543 3421 l.
563 3370 580 3421 t.
600 3368 636 3422 30
654 3383 679 3420 n.
699 3368 716 3421 4
735 3367 842 3421 Aeneas
862 3367 896 3420 de
914 3367 1079 3420 Fallronibus
1099 3367 1114 3419 l.
1135 3382 1156 3420 c.
1176 3382 1202 3435 p.
1221 3366 1256 3421 50
1274 3367 1291 3421 t.

267 3459 289 3526 2)
309 3459 348 3512 Ex
376 3473 474 3528 magna
502 3458 687 3526 exemplorum
716 3459 792 3525 copia
821 3472 904 3509 unum
933 3457 1035 3509 tantum
1055 3457 1161 3526 eligam.
1200 3455 1237 3509 lta
1256 3471 1282 3509 v.
1302 3471 1328 3526 g.
1348 3456 1473 3511 Urbanus
1492 3457 1524 3511 V.
1545 3457 1693 3529 (RegVat.

204 3549 222 3601 t.
243 3547 359 3602 246101.
380 3547 421 3611 21,
442 3546 495 3614 25),
515 3546 559 3600 die
581 3548 602 3600 1.
635 3545 700 3599 Dec.
721 3546 789 3600 1363
808 3545 982 3599 celeberrimo
1000 3545 1036 3598 illi
1055 3543 1190 3598 Cardinali
1208 3544 1325 3614 Aegidio
1345 3545 1379 3598 de
1392 3545 1538 3610 Albornoz,
1559 3547 1694 3615 Episcopo

206 3635 356 3700 Sabinensi,
376 3635 552 3713 Apostolicae
572 3634 657 3689 Sedes
671 3636 781 3705 legato,
801 3635 934 3688 concessit
952 3633 1103 3687 facultatem
1123 3634 1284 3702 providendi
1304 3634 1398 3687 decem
1412 3638 1535 3704 personis
1554 3638 1580 3688 in
1600 3635 1694 3690 decem

206 3726 327 3779 ecclesiis
347 3725 545 3779 cathedralibus
564 3727 622 3778 sive
651 3724 802 3795 collegiatis
830 3725 856 3776 et
875 3724 972 3776 eodem
1001 3723 1045 3776 die
1064 3723 1178 3776 eandem
1207 3723 1297 3776 tribuit
1324 3725 1487 3791 potestatem
1511 3740 1559 3792 pro
1587 3725 1694 3795 triginta

207 3817 330 3884 personis
351 3817 377 3867 in
397 3815 504 3884 triginta
524 3814 645 3867 ecclesiis
664 3813 862 3867 cathedralibus
881 3812 925 3866 vel
945 3812 1101 3883 collegiatis.

313 3904 355 3957 De
368 3904 472 3957 actibus
485 3903 618 3956 similibus
632 3917 646 3955 a
660 3902 794 3957 Cardinali
805 3902 915 3965 Gentili,
928 3901 1102 3970 Apostolicae
1112 3900 1191 3955 Sedis
1201 3902 1311 3971 legato,
1323 3903 1348 3953 in
1363 3902 1480 3956 dioecesi
1493 3903 1695 3957 Vratislaviensi

207 3995 300 4064 gestis,
320 3994 385 4046 dum
404 3992 546 4045 Nankerus
565 3991 716 4059 Episcopus
736 3991 823 4045 dictae
843 3990 976 4043 dioecesis
996 4005 1043 4058 per
1062 3991 1115 4043 tres
1138 4005 1224 4043 annos
1244 3992 1269 4042 et
1293 3990 1359 4043 ultra
1378 3990 1520 4045 Avenione
1545 3993 1696 4047 morabatur

208 4083 238 4136 cf.
260 4081 328 4136 Cod.
349 4082 420 4150 Dipl.
441 4080 487 4135 Sil.
506 4081 524 4134 t.
544 4080 576 4134 V.
596 4095 622 4149 p.
642 4080 691 4133 211
713 4082 740 4134 et
759 4079 859 4133 ibidem
879 4095 904 4148 p.
924 4078 967 4133 Vl.
1561 4072 1563 4076 ’

314 4172 395 4225 Porro
414 4170 487 4225 haud
507 4184 565 4222 raro
584 4168 730 4222 Pontifices
749 4171 806 4222 suis
826 4168 933 4238 Legatis
953 4183 1080 4236 expresse
1104 4166 1236 4221 dederunt
1261 4170 1287 4220 in
1312 4168 1453 4233 mandatis,
1481 4172 1510 4224 ut
1533 4173 1697 4240 inquirerent

208 4261 242 4314 de
261 4276 373 4314 numero
392 4259 585 4313 beneficiorum
606 4257 668 4312 Sedi
688 4257 861 4325 Apostolicae
889 4258 1083 4310 reservatorum
1107 4259 1133 4308 in
1153 4258 1228 4310 terris
1248 4272 1354 4310 suarum
1375 4260 1561 4328 legationum.
1599 4260 1635 4314 lta
1655 4276 1696 4314 ex.

207 4365 245 4420 gr.
260 4350 423 4404 Benedictus
436 4350 487 4403 Xll.
502 4365 516 4402 a
533 4349 661 4418 magistro
678 4347 802 4401 iohanne
815 4347 901 4410 Fabri,
921 4348 1050 4399 canonico
1064 4345 1193 4399 ecclesiae
1206 4345 1417 4414 Campostellan.
1438 4351 1464 4401 in
1478 4349 1598 4417 partibus
1612 4350 1696 4420 Regni

209 4438 343 4493 Castellae
363 4441 390 4493 et
409 4440 545 4509 Legionis,
573 4437 748 4506 Apostolicae
767 4435 846 4490 Sedis
865 4436 975 4499 Nuntio,
995 4435 1039 4489 die
1060 4435 1099 4489 12.
1120 4435 1208 4488 Martii
1230 4434 1298 4489 1335
1321 4451 1368 4504 per
1389 4437 1489 4491 litteras
1508 4439 1697 4507 expostulavit,

209 4530 237 4582 ut
257 4528 291 4580 de
315 4528 454 4582 beneficiis
479 4527 663 4596 spectantibus
691 4525 725 4578 ad
750 4527 933 4594 provisionem
952 4524 1137 4592 Apostolicam
1166 4524 1191 4577 et
1219 4539 1267 4593 per
1298 4526 1431 4594 praelatos
1454 4527 1557 4581 illarum
1582 4529 1697 4597 partium

209 4618 348 4684 illegitime
376 4617 479 4670 collatis
506 4618 532 4670 et
565 4616 599 4669 de
621 4615 748 4668 omnibus
777 4614 978 4667 conditionibus
1006 4629 1036 4666 ac
1064 4615 1269 4667 circumstantiis
1298 4629 1327 4667 se
1348 4614 1501 4669 informaret
1529 4619 1555 4671 et
1582 4616 1697 4671 refenet.

316 4704 380 4774 aeg.
400 4705 459 4758 Vat.
480 4707 497 4759 t.
520 4705 569 4759 130
588 4704 623 4758 n⁰
642 4705 683 4760 83.
723 4703 876 4768 ,Relatione
895 4704 1087 4771 percepimus.“

316 4794 419 4848 Eodem
439 4794 521 4848 modo
540 4810 566 4847 v.
586 4809 612 4865 g.
632 4795 738 4862 scripsit
755 4792 893 4847 lohannes
913 4791 988 4845 XXll.
1027 4791 1124 4845 Carolo
1143 4790 1355 4861 Archiepiscopo
1375 4793 1496 4848 lunden.
1516 4809 1546 4848 ac
1566 4795 1611 4849 dil.
1635 4794 1698 4849 filiis

209 4884 325 4938 Johanni
349 4883 483 4953 Nyborgh
511 4883 546 4937 de
564 4883 658 4937 ordine
686 4882 794 4936 fratrum
813 4881 1026 4949 praedicatorum
1045 4882 1252 4949 poenitentiario
1271 4896 1301 4934 ac
1320 4881 1398 4935 Petro
1419 4883 1541 4937 Gervasii
1569 4886 1699 4938 canonico

210 4973 340 5026 ecclesiae
359 4970 396 5025 St.
416 4970 514 5024 Evodii
526 4971 647 5026 Anicien.
684 4971 858 5040 Apostolicae
877 4969 956 5024 Sedis
976 4971 1083 5041 legatis
1105 4969 1193 5039 ,quod
1213 4969 1357 5024 informent
1376 4986 1406 5024 se
1424 4971 1458 5025 de
1470 4972 1610 5026 beneficiis
1630 4989 1699 5042 quae

211 5062 307 5114 vacant
326 5075 374 5128 per
393 5060 611 5114 constitutionem
635 5061 826 5124 ,Execrabilis'¹
849 5062 876 5112 fn
895 5059 989 5131 Regno
1008 5059 1107 5113 Daciae
1126 5061 1153 5113 et
1171 5059 1341 5112 rescribant“.

318 5149 382 5219 Reg.
402 5148 461 5203 Vat.
480 5149 498 5201 t.
521 5147 578 5202 115.
615 5149 671 5202 Fol.
693 5150 750 5203 127.
792 5148 917 5213 „Auditui
937 5149 1067 5201 nostrae.“

318 5237 418 5292 Datum
437 5237 580 5291 hvenfone
599 5237 635 5292 ld.
655 5237 717 5292 Oct.
737 5252 760 5290 a.
782 5238 814 5291 14
833 5236 913 5304 (1339
932 5236 985 5291 Oct
1007 5235 1057 5304 15).

274 5327 295 5397 ⁸)
315 5327 368 5382 Die
386 5325 584 5381 Bischdflichen
604 5325 776 5393 Domkapitel
795 5340 820 5393 p.
843 5325 900 5379 120.
