3720 5932
906 283 947 340 69

183 494 422 561 inhibicionem
459 494 633 558 nostrasa
664 487 819 574 predictis
857 489 1021 574 capitulis,
1060 488 1223 573 collegiis
1262 488 1483 555 conventibus
1522 491 1573 554 ac'
1598 489 1671 554 aliis

183 602 440 687 quibuscunque
477 598 631 684 personis
666 597 783 681 quavis
819 596 1012 662 auctoritate
1047 596 1189 661 scienter
1223 595 1275 660 vel
1300 595 1492 680 ignoranter
1519 595 1672 661 existeret

183 710 427 793 attemptatum.
475 704 582 772 Certis
611 704 711 789 igitur
734 703 993 769 racionabilibus
1029 703 1139 769 causis
1171 705 1203 768 et
1235 701 1566 768 consideracionibus
1591 702 1672 768 moti

183 816 302 901 pariter
326 817 358 880 et
383 812 519 891 inducti,
548 810 823 888 reservacionem‚
848 809 1088 876 inhibicionem
1113 811 1145 874 et
1174 807 1341 875 decretum
1366 812 1399 875 et
1426 809 1671 894 beneplacitum

182 920 372 1007 supradicta
396 937 504 1004 usque
533 917 575 984 ad
605 917 692 983 duos
728 934 837 983 annos
872 935 890 982 a
926 915 977 987 Kl.
1017 916 1143 982 mensis
1175 915 1322 982 ianuarii
1354 935 1444 983 nunc
1473 911 1704 982 instantibus

181 1026 429 1113 computandos
443 1013 616 1091 dumtaxat
628 1024 785 1090 volumus
803 1023 989 1108 perdurare,
1007 1023 1071 1088 nisi
1089 1022 1144 1087 illa
1160 1023 1234 1088 aliis
1251 1023 1509 1090 racionabilibus
1525 1022 1674 1108 [causis]

181 1136 294 1202 iorsan
333 1132 469 1212 inducti,
510 1131 762 1217 provideremus
801 1131 834 1195 in
873 1132 1006 1214 tempus
1043 1128 1188 1213 amplius
1227 1128 1450 1214 proroganda.
1496 1129 1673 1196 Voluimus

182 1243 320 1327 insuper
336 1243 368 1307 et
384 1239 602 1318 decrevimus,
625 1237 899 1316 reservacionem‚
918 1236 1169 1314 inhibicionem,
1193 1234 1361 1303 decretum
1379 1239 1411 1302 et
1427 1236 1672 1321 beneplacitum

177 1348 371 1434 supradicta
396 1346 438 1413 ad
463 1346 659 1412 monialium
681 1347 714 1410 et
728 1344 869 1410 aliorum
887 1344 1116 1428 religiosamm
1133 1342 1309 1409 mulierum
1327 1343 1484 1409 ecclesias
1501 1346 1689 1428 exemptas*

183 1444 307 1522 elnon
332 1456 506 1538 exemptas
530 1452 740 1537 aliquatenus
765 1469 834 1517 non
859 1449 1002 1517 extendi.
1048 1449 1138 1516 Nulli
1163 1468 1243 1536 ergo
1268 1453 1327 1517 etc.

289 1562 412 1628 Datum
431 1559 598 1626 Avinione
614 1560 644 1625 2.
662 1559 726 1626 kal.
743 1559 914 1625 lannuarii
939 1557 1182 1644 pontificatus4)
1207 1558 1310 1624 nostri
1335 1576 1364 1622 a.
1389 1560 1506 1641 quarto
1531 1556 1673 1624 decimo.

247 1791 269 1861 1)
288 1808 304 1846 a
322 1792 413 1847 verbis
445 1790 494 1856 ,ad
523 1791 636 1844 statum⁴¹
668 1804 755 1859 usque
786 1789 1003 1858 ,attemptatum⁸
1034 1789 1161 1858 repetitur
1179 1787 1253 1842 bulla
1275 1788 1446 1851 ,imminente
1465 1786 1559 1841 nobis·
1580 1787 1673 1858 Magn.

187 1880 255 1938 Bnll.
273 1881 349 1941 Rom.
368 1881 411 1947 lV,
431 1880 491 1936 287.

249 1969 273 2038 ²)
291 1969 406 2039 aliquid:
426 1970 458 2024 V.

249 2058 271 2127 ³)
291 2060 446 2129 quicquam:
466 2059 498 2113 V.

248 2147 273 2218 ⁴)
292 2147 381 2211 deest:
400 2147 432 2202 V.

187 2446 254 2503 1336
272 2446 349 2502 Febr.
369 2446 394 2502 3.

185 2537 250 2608 Reg.
269 2535 358 2590 Aven.
378 2534 480 2589 bened.
501 2535 555 2590 Xll.
575 2536 593 2589 t.
613 2536 638 2590 2.
657 2535 703 2588 iol.
723 2535 783 2589 381.

630 2677 692 2758 Ad
720 2680 881 2757 futuram
911 2684 960 2758 rei
990 2684 1221 2758 memoriam.

293 2822 572 2889 lntendentes
596 2804 1167 2900 ecclesieWratislauiensi,
1193 2840 1258 2906 que
1276 2823 1359 2889 intra
1378 2842 1517 2910 regnum
1535 2825 1676 2893 Polonie

187 2929 337 3004 Romane
374 2929 513 2996 ecclesie
548 2928 705 2994 censuale
743 2929 904 3007 consistit,
944 2946 1044 3013 quarn
1076 2929 1219 3012 primum
1252 2930 1359 3014 ipsam
1390 2930 1527 2999 Pastore
1562 2952 1677 3000 vacare

186 3038 370 3122 contigerit,
407 3055 465 3121 per
499 3036 683 3120 apostolice
723 3035 820 3102 Sedis
860 3034 1108 3120 providenciam
1148 3035 1190 3101 de
1222 3054 1367 3120 persona
1398 3039 1582 3106 secundum
1621 3059 1678 3107 cor

189 3147 340 3211 nostrum
379 3142 514 3229 ydonea
552 3143 730 3228 provideri,
766 3143 994 3228 provisionem
1019 3141 1171 3208 eiusdem
1205 3144 1344 3211 ecclesie
1379 3163 1420 3210 ex
1443 3146 1538 3212 certis
1568 3149 1677 3214 causis

188 3250 458 3329 racionabilibus,
490 3267 556 3335 que
587 3248 687 3315 adid
720 3251 870 3315 nostrum
902 3250 1051 3315 animum
1088 3248 1277 3316 induxerint
1289 3251 1374 3337 (sic),
1401 3237 1622 3337 disposicioni
1646 3256 1678 3320 et

188 3357 395 3424 ordinacioni
442 3358 553 3422 nostre
589 3357 650 3422 hac
685 3357 755 3422 vice
795 3356 983 3441 specialiter
1020 3374 1238 3436 reservamus,
1275 3357 1464 3424 inhibentes
1500 3359 1677 3426 districtius

188 3464 316 3531 dilectis
350 3464 429 3530 liliis
464 3463 609 3548 capitulo
645 3461 796 3529 eiusdem
822 3462 960 3529 ecclesie
984 3465 1016 3529 et
1041 3463 1217 3548 quibusvis
1245 3464 1329 3545 aliis,
1366 3483 1453 3550 quos
1482 3466 1677 3532 huiusmodi

187 3572 293 3656 tangit
309 3572 499 3656 negocium,
517 3589 559 3636 ne
577 3569 618 3636 ad
634 3570 780 3655 aliquam
799 3570 994 3636 electionem
1013 3588 1072 3636 seu
1091 3570 1357 3655 postulacionem
1375 3574 1431 3638 aut
1447 3573 1676 3657 provisionem

188 3678 239 3745 de'
266 3677 470 3763 preficiendo
506 3676 616 3743 eidem
653 3677 792 3743 ecclesie
832 3677 1002 3762 Episcopo
1048 3678 1101 3743 vel
1148 3676 1283 3744 Pastore
1319 3698 1358 3745 ea
1392 3679 1463 3746 vice
1499 3680 1677 3764 procedere

189 3783 436 3870 quoquomodo
462 3786 655 3869 presumant
691 3803 729 3850 ac
752 3783 968 3850 decernentes
992 3804 1033 3851 ex
1056 3804 1146 3852 nunc
1180 3785 1303 3851 irritum
1327 3788 1359 3852 et
1387 3786 1496 3861 inane,
1528 3788 1556 3852 si
1581 3805 1677 3878 secus

189 3911 289 3977 super
320 3892 384 3958 hiis
409 3911 427 3957 a
452 3909 625 3976 quoquam
657 3891 775 3976 quavis
807 3892 998 3958 auctoritate
1030 3893 1171 3973 scienter
1200 3893 1252 3958 vel
1284 3894 1475 3978 ignoranter
1503 3894 1679 3978 contigerit

185 3999 385 4084 attemptari.
431 3998 522 4065 Nulli
547 4016 627 4083 ergo
652 4000 712 4064 etc.

293 4106 417 4172 Datum
441 4105 608 4172 Avinione
632 4105 678 4170 lll.
704 4123 783 4171 non.
808 4105 976 4171 Februarii
1002 4125 1030 4171 a.
1056 4107 1215 4173 secundo.

190 4549 258 4606 1335
276 4581 312 4590 -
330 4592 336 4605 .
413 4563 417 4568 '

189 4639 258 4694 Cod.
277 4639 306 4694 B.
326 4639 372 4694 iol.
392 4639 505 4694 80-81.

189 4783 419 4876 Declaraci0,
451 4785 556 4886 quod
585 4788 861 4863 reservaciones
880 4807 947 4886 per
974 4784 1172 4863 dominum
1191 4784 1404 4865 iohannem
1429 4810 1565 4888 papam
1584 4786 1678 4865 tacte

700 4933 778 4988 non
805 4909 954 4988 luerunt
982 4914 1164 4989 revocate.

453 5050 677 5129 Benedictus
706 5055 773 5129 etc.
830 5051 892 5132 Ad
919 5054 1079 5131 futuram
1109 5057 1159 5130 rei
1189 5059 1420 5133 memoriam.

295 5192 449 5260 Dudum
493 5192 623 5258 telicis
660 5193 958 5261 recordacionis
993 5195 1166 5262 lohannes
1202 5214 1289 5281 papa
1327 5196 1421 5261 XXll.
1461 5196 1679 5281 predecessor

190 5302 303 5367 noster
339 5299 519 5367 nonnullas
559 5300 731 5380 ecclesiaS,
771 5302 989 5380 cathedrales,
1029 5301 1222 5387 dignitates,
1259 5306 1458 5388 personatus
1498 5306 1530 5369 et
1569 5303 1678 5370 otticia
