1023 1631
520 152 541 167 04

158 259 193 274 1³25
202 260 246 274 Manli
256 260 277 274 2⁷.

158 282 190 300 aeg.
200 282 229 296 vn.
239 283 248 296 ι
259 282 284 296 113
293 282 316 296 ποι
328 283 356 296 174.

428 327 498 353 Legato
512 327 631 347 Lomhardie.

202 366 270 383 Dudum
283 367 313 383 etc⁴
325 367 345 383 at
355 371 408 388 supra
420 372 474 388 usque
485 367 509 384 ad
518 367 574 388 finem
585 367 643 384 verbis
655 367 769 389 competenter
781 368 858 384 mutatis.

210 398 236 414 Ne
248 398 298 419 igitur
309 398 370 419 aliquis
382 399 457 420 pretextu
470 399 567 420 ignorancie
579 398 655 415 velamen
671 399 787 415 excusacionis
805 399 903 420 pretendere

157 425 211 441 valeat
223 425 239 441 in
252 425 283 441 hac
293 426 339 446 parte
347 425 446 442 discrecioni
456 426 484 442 tue
493 430 523 447 per
531 425 624 447 apostolica
632 425 692 446 scripta
700 425 805 446 mandamus,
820 426 903 447 quatenus

158 451 175 467 in
193 451 267 468 ecclesiis
280 452 296 468 et
311 452 352 468 locis
365 451 445 468 dictarum
460 452 532 469 civitatis
548 452 564 468 et
576 452 648 469 diocesis
666 457 685 468 ac
697 452 787 473 provincie,
805 452 826 469 de
842 452 903 473 quibus

157 478 235 499 expedire
251 478 356 499 cognoveris,
370 479 509 500 prorogacionem
526 479 645 495 reservecionis
661 479 734 500 predicte
749 479 800 496 iacias
817 479 902 500 publicari.

157 504 192 521 Nos
205 504 298 521 redditurus
310 505 331 521 de
342 505 458 526 publicacione
469 505 567 522 huiusmodi
575 510 605 526 per
613 505 722 522 instrumenta
733 506 805 527 publica.
818 510 851 527 que
863 505 903 522 inde

157 531 192 548 fieri
204 531 288 551 volumus,
300 532 385 549 cerciores.

214 562 253 579 Item
272 563 369 579 consimiles
386 563 439 579 littere
461 563 478 579 in
498 563 569 582 civitate,
587 563 650 579 diocesi
668 568 688 579 ac
705 563 790 584 provincia
810 563 902 580 Mediolan.

214 589 253 605 ltem
268 589 285 605 in
297 589 367 609 civitate,
383 589 446 606 diocesi
462 594 480 606 ac
492 590 578 611 provincia
589 589 660 606 Januen.

233 623 239 626 ν
273 623 279 626 -
325 623 331 626 -
408 623 414 626 -
591 616 646 632 Pisan.

592 642 691 664 Aquilegen.

593 669 666 686 Graden.

214 700 276 717 Datum
288 701 306 717 ut
318 705 373 722 supra.

158 802 192 817 1327
201 802 245 817 Mami
255 802 276 817 29.
515 777 544 796 10'

157 825 191 839 Cod.
201 825 216 839 Β,
226 825 249 839 iol.
259 826 316 839 70—71.

282 870 395 896 Prorogacio
411 872 560 891 reservacionum
576 872 594 890 in
609 872 709 896 provinciis
724 871 777 890 ltalie.

381 915 411 935 Ad
426 916 505 935 futuram
522 917 546 935 rei
562 916 677 935 memoriam*

209 950 261 966 Olim
270 950 293 967 ad
304 951 376 967 statum
386 951 458 972 parcium
467 951 512 967 Italie
522 951 609 967 salubriter
617 951 682 967 auctore
690 951 759 967 domino
769 950 902 972 promovendum

157 977 213 993 nostre
233 977 375 994 consideracionis
394 977 470 994 intuitum
490 977 582 998 dirigentes
601 982 620 994 ac
639 978 734 998 cupientes,
755 978 772 993 ut
790 977 806 993 in
829 977 903 993 ecclesiis

157 1003 230 1024 parcium
249 1003 338 1020 earundem
356 1004 478 1020 cathedralibus
497 1005 514 1020 et
532 1004 625 1025 collegiatis
643 1004 745 1020 secularibus
765 1005 781 1020 et
800 1004 903 1025 regularibus

157 1030 198 1046 tales
216 1030 334 1051 preticerentur
351 1035 380 1051 per
399 1031 524 1052 providenciam
543 1031 588 1047 sedis
606 1031 698 1052 apostolice
716 1031 792 1052 pastores
810 1031 826 1047 et
840 1030 903 1051 prelati,

158 1057 186 1078 qui
204 1057 254 1073 nobis
272 1058 287 1073 et
305 1057 359 1073 eidem
376 1057 411 1074 sedi
424 1057 482 1074 fideles
495 1058 585 1074 existerent
601 1059 617 1073 et
631 1057 687 1073 devoti
700 1062 719 1074 ac
733 1057 793 1073 scirent
805 1058 821 1073 et
833 1057 903 1078 possent

157 1088 224 1104 preesse
244 1084 305 1100 utiliter
324 1085 340 1100 et
359 1084 445 1105 prodesse,
466 1084 497 1100 hiis
522 1084 537 1100 et
558 1084 595 1101 aliis
619 1084 666 1100 certis
690 1084 745 1100 causis
768 1084 903 1103 racionabilibus,

157 1115 190 1131 que
208 1110 228 1126 ad
246 1110 278 1126 hoc
295 1111 370 1127 nostrum
387 1111 461 1127 animum
480 1111 586 1130 induxerunt,
604 1115 663 1127 omnes
682 1111 698 1127 et
710 1110 785 1131 singulas
801 1110 903 1127 cathedrales

157 1137 173 1153 et
193 1137 289 1158 collegiatas
313 1137 394 1154 seculares
417 1138 433 1153 et
456 1137 539 1158 regulares
561 1137 639 1153 ecclesias
660 1137 730 1153 civitatis
756 1138 772 1153 et
795 1137 867 1153 diocesis
885 1142 904 1153 ac

157 1163 242 1184 provincie
254 1163 367 1180 Mediolanen.
381 1164 434 1185 primo
447 1169 456 1180 a
469 1164 493 1182 ΚῙ.
508 1164 570 1185 Aprilis
583 1164 689 1185 pontificatus
702 1164 754 1180 nostri
770 1168 815 1180 anno
831 1164 903 1184 septimo

157 1194 211 1211 usque
226 1190 246 1206 ad
263 1190 306 1206 duos
324 1195 378 1207 annos
396 1191 456 1207 extunc
473 1191 597 1211 subsequentes
616 1190 690 1211 proxime
708 1191 799 1210 vacaturas,
812 1190 903 1211 provisioni

157 1217 213 1233 nostre
242 1221 260 1233 ac
287 1217 331 1233 sedis
357 1217 449 1238 apostolice
475 1217 548 1238 predicte
576 1217 672 1233 auctoritate
703 1217 795 1237 apostoliea
826 1217 903 1233 duximus

158 1243 270 1263 reservandas,
288 1243 378 1260 districtius
396 1244 491 1260 inhibentes
506 1244 586 1260 omnibus
604 1245 620 1260 et
639 1243 716 1264 singulis,
735 1243 755 1259 ad
768 1248 811 1264 quos
824 1243 903 1264 provisio,

158 1270 222 1289 electio,
242 1270 336 1291 postulacio
356 1275 385 1286 seu
406 1271 464 1291 quevis
484 1271 516 1287 alia
532 1270 624 1291 disposicio
645 1270 750 1286 ecclesiarum
771 1270 843 1291 ipsarum
863 1270 904 1286 alias

158 1297 251 1317 pertineret,
260 1301 280 1313 ne
289 1297 309 1313 ad
319 1297 438 1318 provisionem,
446 1297 551 1316 electionem,
561 1297 693 1318 postulacionem
703 1296 728 1313 vel
737 1297 786 1313 aliam
794 1297 903 1317 predictarum

158 1323 264 1339 ecclesiarum
283 1323 415 1344 disposicionem
434 1324 543 1345 procederent
559 1323 681 1345 quoquomodo
694 1328 712 1339 ac
724 1323 832 1339 decernentes
845 1324 904 1339 extunc

158 1350 219 1366 irritum
238 1351 254 1366 et
272 1350 326 1369 inane,
345 1350 358 1366 si
377 1355 425 1367 secus
444 1355 494 1371 super
511 1350 544 1366 hiis
563 1355 592 1371 per
609 1354 720 1371 quoscunque
736 1350 795 1371 quavis
807 1350 903 1366 auctoritate

159 1376 229 1392 scienter
251 1377 277 1393 vel
300 1377 396 1397 ignoranter
417 1377 521 1398 contingeret
543 1377 640 1398 attemptari.
665 1376 685 1393 Et
705 1377 827 1398 subsequenter
844 1381 852 1393 a
870 1376 904 1393 tine

158 1403 239 1419 dictorum
263 1403 334 1419 duorum
358 1408 439 1420 annorum
464 1408 518 1424 usque
542 1403 562 1420 ad
586 1403 673 1420 biennium
699 1404 759 1420 extunc
783 1403 903 1419 numerandum
