1023 1631
522 147 543 162 14

210 196 249 214 Hoc
256 197 295 214 loco
302 198 352 214 etiam
364 198 463 219 generaliter
474 198 569 215 notandum
582 199 612 216 erit
619 199 687 217 Curiam
695 200 790 218 Romanam
797 206 832 218 nun
841 202 905 219 tantum

158 224 183 240 ibi
198 225 303 246 praesentem
319 224 392 241 habitam
404 229 447 244 esse.
463 225 491 242 ubi
506 224 559 247 Papa
572 226 608 247 ipse
621 227 720 247 morabatur,
739 227 769 244 sed
781 237 803 240 »ἡ
819 228 865 249 quod
883 228 904 245 ad

158 251 288 267 reservationem
293 251 412 268 beneficiorum
417 252 511 268 vacantium
519 252 564 273 apud
571 252 631 270 Sedem
637 252 752 274 Apostolicam
759 254 818 271 attinet
823 264 846 266 —
853 255 904 271 etiam

158 276 187 294 ubi
207 277 263 294 aderat
282 277 407 295 Cancellaria
422 278 547 300 Apostolica,
564 279 595 296 etsi
610 279 656 301 Papa
671 280 713 297 forte
729 280 770 297 alibi
788 281 904 303 morabatur&

158 304 236 325 Denique
249 304 265 321 in
278 304 310 321 hoc
321 305 375 326 capite
386 305 456 322 curiales
468 305 546 322 dicuntur
557 310 617 323 omnes
629 306 720 323 servientes
732 306 808 325 Romanu
820 307 903 328 Pontifici,

159 330 276 347 cardinalibus
289 331 317 347 aut
328 331 428 348 officialibus
436 331 524 350 Romanae
532 332 592 349 Curiae
604 333 633 350 aut
644 333 673 354 qui
681 334 749 355 propter
757 334 824 355 negotia
837 334 902 356 propria

158 357 184 374 vel
196 357 250 374 aliena
262 357 279 374 in
291 357 341 374 Curia
354 358 437 375 tractanda
449 358 514 377 Romae
525 359 639 376 versabantur.

210 395 279 417 Insuper
296 395 358 412 nullius
376 396 475 413 beneficium
494 397 598 414 indicabatur
617 402 688 417 ¹vacans
700 398 717 415 in
729 398 795 418 Curia*¹
815 399 846 415 nisi
865 399 902 420 quis

158 423 223 443 praeter
245 423 318 439 servatas
341 423 447 440 conditiones
470 424 575 445 supradictas
598 425 636 440 ante
666 426 736 441 mortem
759 425 800 442 illud
825 430 842 442 re
865 430 903 442 vera

158 450 315 470 acceptaverat,
335 454 380 466 mera
398 450 465 466 coIlatio
486 450 574 467 cuiusdam
591 451 668 467 beneficii
684 452 734 468 etiam
751 452 808 473 quoad
827 452 904 469 effectum

158 476 289 493 reservationum
302 481 336 493 non
348 476 446 496 sufficiebat,
462 477 501 498 quia
515 477 572 493 nullus
584 477 644 493 dicitur
655 478 770 497 beneficiatus,
783 479 816 495 nisi
828 479 849 495 de
861 479 905 496 facto

158 502 208 519 etiam
221 503 312 524 acceptavit
323 503 430 520 collationem
443 503 464 519 de
476 503 515 524 ipso
527 503 592 520 tactam.

210 540 255 557 Idem
264 541 357 557 Bonifatius
365 541 403 557 VIII.
411 546 441 562 per
449 546 462 557 c,
475 554 481 560 ,‚
488 541 509 557 Si
518 541 658 562 Apostolica“
665 541 677 562 ἵ)
686 541 823 558 constitutionem
832 543 904 559 maxime

158 567 246 584 salutarem
261 567 313 584 edidit
328 568 369 584 circa
391 568 497 584 ecclesias
514 567 651 589 parochiales
672 568 688 584 et
704 567 736 584 alia
752 568 833 584 beneficia
848 570 904 585 curata

158 594 233 610 vacantia
245 594 262 610 iu
274 594 324 611 Curia
339 595 435 615 tempore
451 594 575 611 vacationis
591 594 661 615 ipsius
677 594 740 611 Sedis
755 594 902 615 Apostolicae.

210 631 227 648 Si
240 632 284 648 enirn
295 636 317 648 cc.
332 632 395 652 „Licet“
409 632 425 648 et
438 632 541 652 „Statutum“
556 632 571 648 in
585 632 645 653 quovis
658 637 697 648 casu
710 632 830 648 remansissent
842 632 858 648 in
871 637 902 648 suo

158 658 223 679 vigore,
250 659 346 680 praesertim
372 659 454 675 beneficia
480 659 536 675 curata
564 659 580 675 et
605 659 686 675 reservata
712 658 763 675 Sede
786 658 903 680 Apostolica

158 685 239 701 vacante
257 685 304 701 facile
319 685 417 702 debuissent
431 686 521 702 maximam
539 690 598 707 capere
616 686 708 702 animarum
721 685 846 705 detrimentum;
864 690 902 702 narn

158 712 237 733 Episcopi
249 712 265 728 vi
274 712 397 730 Reservationis
408 712 516 733 Apostolicae
528 713 606 729 carebant
618 712 652 729 iure
665 712 764 733 providendi
777 712 798 729 de
806 712 903 729 huiusmodi

158 738 244 755 beneficiis
260 739 326 758 curatis,
340 739 417 755 Pontifex
433 744 477 759 vero,
496 739 526 760 qui
543 739 576 755 hoc
589 739 624 755 iure
636 739 659 755 uti
672 739 731 760 potuit,
749 739 825 755 nondum
840 739 903 758 aderat;

158 766 269 786 exspectanda
281 767 315 782 erat
331 771 375 782 nova
387 766 445 782 electio
458 766 524 782 Summi
537 765 615 785 Pastoris,
628 770 671 787 quae
686 766 709 782 ob
723 766 817 787 temporum
835 766 903 782 iniurias

158 792 202 808 haud
215 797 250 809 raro
265 793 305 809 satis
317 793 346 809 diu
358 793 476 809 differrebatur.
500 792 558 813 Quare
570 792 653 813 praefatus
661 792 755 809 Bonifatius
763 792 801 809 VIII.
810 792 903 809 animarum

158 820 207 836 saluti
219 820 324 841 prospiciens
339 820 471 837 collatoribus
483 820 592 837 ordinariis
604 820 621 836 in
633 824 678 839 casu,
691 824 725 841 qun
738 820 790 836 Sedes
806 820 903 841 Apostolica

157 848 231 867 vacabat,
250 847 331 864 liberam
346 847 502 868 dispositionem
518 847 538 863 de
553 846 650 863 huiusmodi
662 847 749 863 beneficiis
762 847 802 863 alias
815 847 902 863 reservatis

158 874 233 890 restituit.

211 912 251 928 Item
263 912 351 932 ordinavit,
364 912 415 933 quod,
428 912 441 928 si
454 911 551 928 huiusmodi
564 911 646 928 beneficia
657 911 718 931 curata,
733 911 809 929 Romano
821 910 903 927 Pontifice

158 938 212 955 adhuc
222 940 302 960 regnante
313 943 370 955 vacare
381 939 489 960 contingeret,
501 939 522 955 de
531 939 593 960 quibus
602 943 655 959 usque
664 938 685 954 ad
694 938 747 959 ipsius
757 938 826 953 mortem
835 938 856 954 ab
866 938 903 958 ipso

158 965 239 982 Pontiiice
253 966 299 982 nullo
312 965 363 982 modo
376 966 420 982 esset
434 965 541 987 dispositum,
556 965 643 981 collatores
658 964 736 981 ordinarii
749 964 800 980 libere
812 964 832 980 ad
846 969 903 980 eorum

158 992 272 1014 provisionem
292 992 382 1014 procedere
401 993 476 1014 possent,
496 992 574 1013 quamvis
594 992 657 1008 mensis
677 991 704 1007 ille
722 991 833 1012 praescriptus
850 991 904 1007 adhuc

158 1019 233 1036 nondum
246 1020 291 1036 esset
303 1020 376 1041 elapsus,

212 1057 255 1074 Sane
267 1057 317 1074 etiarn
330 1057 361 1074 hoc
373 1057 410 1074 loco
423 1058 461 1074 ante
470 1057 529 1073 oculos
542 1056 637 1073 habendum
648 1057 678 1075 est,
691 1056 815 1072 moderationes
824 1055 902 1077 praedicti

158 1084 217 1105 capitis
231 1084 257 1103 „Si
268 1084 375 1105 Apostolica“
388 1084 470 1105 respicere
481 1084 545 1100 tantum
554 1088 608 1102 casus,
621 1087 655 1104 quo
664 1083 745 1099 beneficia
756 1083 810 1099 curata
823 1082 903 1098 vacabant

158 1111 174 1127 in
188 1111 237 1127 Curia
255 1116 275 1127 ex
292 1111 347 1127 causis
365 1111 381 1127 in
400 1110 538 1132 praecedentibus
556 1110 639 1131 capitibus
651 1109 710 1129 allatis,
727 1109 795 1125 minime
810 1113 849 1124 vero
862 1108 903 1124 torte

158 1138 239 1159 attingere
262 1138 343 1154 beneficia
367 1137 463 1154 huiusmodi
487 1137 590 1153 devoluta
613 1137 634 1153 ad
658 1136 718 1153 Sedem
742 1135 856 1157 Apostolicam
877 1136 903 1152 ob

158 1169 168 1181 n
174 1164 294 1186 egligentia
300 1169 315 1181 111
328 1164 426 1181 collatorum
438 1164 566 1180 ordinariorum*

212 1202 289 1223 Denique
304 1202 396 1218 notandum
409 1202 459 1218 restat
476 1201 497 1218 de
516 1201 552 1217 aliis
564 1201 650 1217 beneficiis
668 1205 707 1217 non
725 1200 798 1216 curatis
816 1200 903 1216 reservatis

158 1229 252 1250 Episcopos
265 1229 285 1245 de
294 1229 326 1245 illis
335 1228 379 1245 Sede
387 1228 483 1249 Apostolica
495 1229 565 1244 vacante
577 1228 667 1249 disponere
679 1232 713 1243 non
725 1227 805 1248 potuisse⁴
830 1227 902 1243 Primum

158 1256 247 1277 eligendus
267 1256 301 1272 erat
318 1260 372 1271 novus
392 1255 474 1275 Pontifex,
492 1255 521 1276 qui
543 1255 584 1271 intra
605 1259 681 1271 mensem
701 1254 783 1275 integrum
804 1254 858 1275 potuit
876 1252 903 1268 illa

158 1283 236 1299 conterre.

211 1378 222 1395 1)
232 1378 252 1392 ει
262 1378 317 1395 rermrng
327 1378 335 1391 1,
345 1382 355 1391 c.
366 1381 379 1391 n.
389 1377 419 1391 334.

211 1407 222 1424 ι)
232 1411 243 1420 c⁴
253 1406 274 1420 ³5⁴
285 1406 302 1420 de
311 1406 356 1424 praetr.
367 1406 385 1420 111,
396 1406 404 1419 4
414 1406 427 1420 rn
437 1406 467 1419 vm
