1023 1631
523 132 544 147 68

214 184 263 204 Sane,
276 184 316 206 quia
328 184 385 201 ultime
394 183 521 205 prorogacionis
533 183 658 204 reservacionis,
667 188 696 205 per
707 188 739 200 nos
747 182 768 199 de
776 183 824 200 dictis
832 183 908 200 ecclesiis

161 211 208 231 lacte,
224 211 305 228 terminus
317 211 342 227 est
359 211 376 227 in
389 210 414 228 Kl.
426 210 488 232 Aprilis
500 210 559 226 tuturis
577 210 652 231 proxime
668 210 788 230 terminandus,
806 214 838 226 nos
853 210 909 227 adhuc

161 238 228 259 prefatis
251 237 293 254 moti
312 237 477 254 consideracionibus
497 237 514 253 et
533 236 601 256 inducti,
624 236 762 256 reservacionem,
786 236 907 253 inhibicionem

161 269 180 281 ac
203 264 286 281 decretum
314 264 387 285 predicta
414 268 469 285 usque
491 263 512 280 ad
528 263 623 286 'biennium
646 263 667 280 ab
689 263 753 279 eisdem
773 263 798 281 ΚΙ.
818 263 835 279 in
858 264 908 280 antea

160 291 288 310 numerandum,
300 290 352 307 modo
364 291 380 307 et
397 290 450 307 forma
468 290 552 311 expressis
569 290 651 311 superius,
667 290 763 306 auctoritate
776 290 838 311 prefata
849 291 908 307 tenore

160 318 266 339 presencium
279 317 385 334 extendimus
397 317 413 333 et
425 317 477 333 eciam
490 321 606 338 prorogamus.
629 316 675 333 Nulli
687 321 727 337 ergo
740 317 770 333 etc.

214 348 275 365 Datum
290 348 373 365 Avinione
387 348 406 364 V.
419 348 451 364 kal.
466 347 528 369 Aprilis
541 347 647 369 pontificatus
660 347 712 364 nostri
724 352 739 363 a.
751 347 817 364 decimo
829 348 908 369 septimo.

212 380 229 396 ln
244 379 305 396 eodem
321 379 372 396 modo
388 379 404 395 in
419 379 533 395 Mediolanen.
549 379 651 398 civitatibus,
667 378 764 395 diocesibus
780 379 796 395 et
811 379 908 400 provinciis.

391 412 397 420 =
416 405 517 427 Aquilegen.
591 412 597 419 =
707 412 713 419 ι
786 412 792 419 2
859 413 866 420 =

391 440 397 445 =
416 432 487 449 Januen.
592 439 598 446 z
706 439 712 442 -
786 440 792 446 .
859 439 866 446 a

217 467 224 473 x
269 467 276 473 x
392 466 398 473 =
417 459 473 475 Pisan.
592 470 598 472 <
707 470 711 473 -
859 466 866 473 =

392 493 397 499 x
418 485 531 504 Ravennaten.
591 492 598 499 ε
706 492 712 499 τ
785 493 792 498 =
859 492 866 500 :

522 560 551 580 15.

162 593 195 607 1329
205 593 237 606 Dec.
247 592 268 606 31.

160 615 195 629 cod.
204 615 219 629 E.
229 615 252 628 iol.
262 615 319 629 72j73.

160 664 256 685 Restn'ctio
271 665 420 684 reservacionum
435 665 453 683 in
463 663 530 683 Tuscia
540 664 558 683 et
567 664 619 683 terris
629 663 714 685 Romane
724 664 801 684 ecclesie
813 664 904 684 subiectis.

407 703 437 723 Ad
451 704 532 723 futuram
548 705 663 723 memoriam.

212 744 293 761 Dudum
312 744 336 760 ad
353 744 430 760 statum
437 744 449 765 ¹)
467 744 555 765 pacificum
572 744 588 760 et
603 744 710 765 tranquillum
727 744 799 765 parcium
816 744 875 761 Tuscie
891 744 907 761 et

160 772 237 788 terrarum
261 771 282 787 ad
304 775 336 787 nos
356 772 372 787 et
391 770 484 789 Romanam
504 771 591 787 ecclesiam
616 771 729 792 spectancium
753 771 822 787 solicitis
846 770 906 787 studiis

161 797 266 814 intendentes
278 802 297 814 ac
308 797 394 820 cupientes
413 797 496 817 attentiuS,
516 797 561 819 quod
580 797 730 819 archiepiscopales
743 798 758 814 et
770 797 875 820 episcopales
887 802 906 814 ac

160 825 247 847 collegiate
270 825 339 842 ecclesie
363 829 428 841 necnon
452 825 529 844 abbacie,
553 825 661 844 monasteria,
681 825 763 846 prioratus
783 825 850 845 etralia
870 825 906 842 loca

160 852 270 868 ecclesiastica
283 856 388 873 quecunque,
401 851 480 868 secularia
493 852 508 867 et
521 851 608 872 regularia,
626 852 703 873 exempta
715 853 731 868 et
743 856 777 868 non
790 852 872 873 exempta,
884 851 906 868 ad

161 883 231 900 quorum
249 879 331 900 regimina
343 883 372 900 per
386 878 484 894 electionem
503 878 561 899 prelati
579 879 702 894 consueuerunt
720 879 789 898 assumi,
807 878 823 895 in
842 878 905 895 eisdem

161 906 235 926 partibus
249 910 268 922 ac
281 905 327 921 terris
341 905 457 924 consistencia,
476 905 572 925 ubicunque
584 904 627 921 dicte
639 906 680 921 terre
692 905 807 925 consisterent,
819 910 857 921 cum
869 905 906 921 illas

160 937 190 948 seu
207 932 234 948 illa
252 937 282 953 pro
300 932 375 953 tempore
391 936 420 952 per
435 936 500 948 cessum
518 931 543 947 vel
556 931 643 947 decessum
656 936 685 948 seu
698 932 738 948 alias
751 932 905 953 quomodocunque

161 960 245 980 pastorum
258 959 284 975 vel
297 958 448 975 administratorum
466 958 547 979 regimine
565 962 619 974 carere
637 958 745 979 contingeret,
758 958 834 979 personis
847 963 905 979 pacem

160 985 259 1005 amantibus,
283 985 336 1002 nobis
351 985 366 1001 et
384 984 438 1001 eidem
457 984 527 1000 ecclesie
551 984 625 1002 Romane
643 985 721 1001 fidelibus
743 986 759 1001 et
777 985 818 1001 alias
833 985 905 1006 ydoneis

160 1013 216 1028 nostre
234 1011 360 1033 cooperacionis
378 1011 470 1027 ministerio
490 1011 636 1031 committerentur,
657 1012 770 1032 provisionem
794 1012 869 1028 omnium
890 1012 906 1028 et

160 1039 263 1059 singularum
277 1038 450 1059 archiepiscopalium,
461 1037 588 1059 episcopalium,
602 1038 705 1059 aliarumque
717 1038 842 1059 collegiatarum
854 1039 905 1055 eccle-

160 1065 221 1081 siarum
236 1069 302 1081 necnon
317 1064 428 1082 abbaciarum,
441 1064 586 1084 monasteriorum,
600 1064 701 1085 prioratuum
717 1066 733 1081 et
747 1065 817 1081 aliorum
829 1064 904 1081 locorum

160 1091 309 1108 ecclesiasticorum
323 1091 436 1112 quorumlibet
448 1091 565 1112 predictorum,
578 1091 708 1108 consistencium
721 1092 737 1108 in
751 1092 825 1113 partibus
834 1092 850 1108 et
858 1092 905 1108 terris

160 1118 238 1139 predictis
257 1119 296 1134 tunc
315 1118 412 1134 vacancium
432 1118 448 1134 et
467 1118 581 1134 vacaturarum
602 1118 618 1134 in
638 1119 691 1138 antea,
712 1119 777 1139 quoties
798 1123 826 1134 eas
844 1119 870 1135 vel
886 1123 905 1135 ea

160 1149 261 1166 quocunque
273 1145 325 1161 modo
339 1149 397 1161 vacare
409 1144 514 1165 contingeret
528 1145 556 1161 aul
574 1145 647 1166 aliquam
663 1149 692 1161 seu
711 1145 797 1167 aliquod2)
813 1145 904 1161 eorundem

160 1172 270 1193 disposicioni
287 1172 343 1188 nostre
360 1172 376 1188 et
388 1171 433 1188 sedis
451 1171 544 1192 apostolice
562 1176 616 1192 usque
634 1171 654 1188 ad
672 1172 747 1188 nostrum
760 1173 776 1188 et
788 1172 841 1193 ipsius
859 1172 904 1188 sedis

159 1198 282 1220 beneplacitum
300 1198 421 1214 reservavimus
439 1198 459 1214 de
477 1198 570 1219 apostolice
583 1198 686 1219 plenitudine
703 1199 796 1219 potestatis,
808 1199 904 1215 auctoritate

160 1225 252 1246 apostolica
264 1225 346 1241 universis
358 1225 470 1244 ecclesiarum,
486 1225 597 1244 abbaciarum,
614 1225 758 1244 monasteriorum,
774 1225 876 1246 prioratuum
889 1225 904 1242 et

159 1252 229 1268 aliorum
236 1252 310 1268 locorum
317 1251 466 1268 ecclesiasticorum
474 1251 588 1272 quorumlibet
596 1252 707 1272 predictorum
716 1252 793 1273 capitulis
800 1253 816 1268 et
823 1252 904 1273 collegiis,

159 1279 269 1295 conventibus
286 1278 302 1294 et
319 1278 396 1299 personis
414 1278 503 1294 districtius
522 1278 623 1297 inhibentes,
641 1283 662 1294 ne
681 1279 697 1294 in
716 1278 780 1295 eisdem
795 1279 815 1295 ad
830 1279 904 1300 aliquam

159 1306 263 1325 electionem,
276 1305 411 1321 nominacionem
424 1305 450 1321 vel
462 1304 596 1325 postulacionem
609 1309 638 1321 seu
652 1305 765 1326 provisionem
780 1310 903 1326 quamcunque,

159 1332 173 1348 si
185 1332 280 1348 vacacionis
295 1332 362 1353 ternpus
375 1331 391 1347 in
404 1331 428 1348 eis
441 1331 466 1347 vel
490 1331 547 1352 aliqua
559 1336 588 1347 seu
601 1331 658 1352 aliquo
670 1336 690 1348 ex
703 1332 766 1348 eisdem
784 1333 823 1348 tunc
835 1332 904 1348 forsitan

159 1359 257 1375 imminebat
262 1358 288 1374 vel
296 1358 312 1374 in
319 1359 405 1379 posterum
414 1358 512 1377 immineret,
522 1357 631 1378 procederent
640 1359 762 1380 quoquomodo
771 1363 789 1375 ac
799 1359 904 1375 decemimus

159 1386 219 1402 extunc
237 1385 298 1401 irritum
317 1385 333 1401 et
348 1385 403 1404 inane,
423 1384 525 1405 quidquid-³¹)
545 1385 601 1401 contra
622 1385 718 1402 huiusmodi
739 1386 870 1402 reservacionem
888 1386 904 1402 et

937 73 975 149 Ἰ
