3720 5932
822 304 1035 400 „tt-

189 513 346 590 „durante
369 511 576 577 turbatione“
608 513 771 578 vacaturis
800 514 842 579 ab
867 513 1046 579 Honorio
1071 513 1125 578 IV.
1151 514 1308 579 statutum
1338 509 1445 599 erat.¹)
1493 511 1672 578 Successor

182 638 260 686 vero
297 620 368 685 eius
392 619 582 684 Nicolaus
606 619 660 684 lV.
686 638 792 685 novas
816 620 1088 693 Reservationum
1125 621 1369 706 generalium
1405 618 1672 685 Constitutiones

183 745 251 793 non
288 726 415 804 adiecit,
450 727 552 791 factas
588 730 700 792 tamen
736 725 1094 810 apraedecessoribus
1129 728 1199 793 suis
1235 728 1276 795 de
1312 727 1460 811 partibus
1485 724 1616 792 Siciliae
1641 728 1673 790 et

182 832 372 917 Aragoniae
396 833 583 899 executioni
608 832 788 899 mandavit.

289 957 515 1023 Bonifatius
554 957 644 1022 Vlll.
681 961 810 1042 praeter
844 958 1091 1026 moderationes
1127 959 1169 1024 ad
1204 977 1231 1026 c.
1294 959 1402 1035 „Licet
1437 958 1669 1024 ecclesiarum“

182 1065 247 1130 iam
272 1082 371 1148 supra
396 1064 510 1130 allatas
535 1066 567 1129 et
590 1067 718 1148 praeter
740 1084 766 1131 c.
796 1064 934 1142 „Sancta
959 1066 1109 1139 Romana
1133 1066 1344 1152 Ecclesia“²),
1369 1066 1403 1131 in
1428 1084 1496 1150 quo
1521 1065 1672 1150 provisio

182 1172 395 1237 ecclesiarum
413 1171 679 1254 patriarchalium
697 1190 741 1237 sc.
752 1171 1158 1257 Constantinopolitanae,
1177 1169 1430 1251 Alexandrinae,
1443 1171 1673 1238 Antiochenae

182 1295 315 1343 necnon
330 1277 656 1362 Hierosolymitanae
668 1297 783 1363 —pro
796 1281 956 1363 tempore,
971 1298 1039 1364 quo
1053 1279 1159 1346 dictae
1172 1280 1331 1346 ecclesiae
1344 1282 1457 1345 essent
1470 1280 1503 1344 in
1518 1279 1673 1344 manibus

183 1383 369 1449 infidelium
384 1385 435 1449 vel
449 1385 746 1464 schismaticorum,
760 1424 804 1432 —
817 1386 999 1452 declaratur
1011 1388 1175 1452 reservata
1184 1385 1263 1452 Sedi
1276 1385 1503 1472 Apostolicae,
1517 1403 1673 1469 expresse

184 1489 359 1568 ordinavit,
374 1489 464 1574 quod
478 1492 688 1574 provisiones
698 1493 910 1559 ecclesiarum
924 1496 991 1558 tam
1004 1492 1241 1559 cathedralium
1252 1511 1352 1577 quam
1366 1492 1566 1577 regularium
1580 1491 1673 1575 regni

185 1596 424 1683 Franciae,³)
452 1598 499 1674 ,si
525 1616 611 1681 quae
634 1599 772 1665 forsitan
797 1602 875 1665 tunc
898 1601 1061 1665 vacabant
1076 1600 1129 1665 vel
1147 1618 1221 1666 cum
1240 1618 1296 1666 eas
1313 1619 1428 1666 vacare
1444 1600 1670 1682 contingeret“

185 1706 372 1787 spectarent
388 1703 430 1769 ad
455 1723 549 1770 suam
575 1707 607 1770 et
620 1704 717 1771 Sedis
731 1705 945 1789 Apostolicae
963 1706 1238 1789 dispositionem;
1256 1725 1395 1793 quarum
1413 1697 1673 1771 reservationum

185 1828 302 1876 causas
340 1811 435 1876 facile
474 1811 692 1895 intelligimus
732 1813 759 1878 si
800 1814 994 1879 notissimas
1034 1814 1107 1879 illas
1150 1815 1384 1880 contentiones
1427 1813 1512 1878 inter
1550 1812 1673 1877 dictum

185 1915 381 1982 Pontificem
407 1920 439 1982 et
462 1917 654 2003 Philippum
680 1919 730 1984 lV.
755 1921 960 2004 cognomine
983 1920 1160 1986 Pulchrum
1186 1921 1386 1986 Francorum
1422 1937 1534 2003 regem
1559 1918 1673 1984 animo

185 2023 465 2110 perpendimus.4)

291 2147 393 2215 Porro
419 2148 508 2215 idem
525 2148 678 2215 Pontifex
702 2151 865 2217 beneficia
890 2151 1173 2218 ecclesiastica-
1189 2151 1216 2216 si
1242 2169 1329 2235 quae
1352 2153 1431 2216 tunc
1454 2152 1607 2217 vacarent
1624 2149 1675 2215 vel

183 2274 259 2321 cum
285 2275 323 2321 ea
347 2274 462 2321 vacare
486 2257 694 2341 contingeret
717 2296 761 2303 -
784 2259 1029 2343 generaliter
1057 2259 1090 2323 in
1114 2259 1245 2324 civitate
1269 2257 1322 2323 vel
1352 2257 1498 2323 dioecesi
1524 2255 1674 2340 Lucan.⁵)

184 2361 277 2427 duxit
294 2362 468 2429 donationi
485 2362 700 2447 Apostolicae
718 2365 927 2444 reservanda,
944 2368 980 2430 ut
997 2365 1165 2449 aliquibus
1182 2364 1308 2430 clericis
1325 2364 1503 2430 subvenire
1519 2364 1675 2448 possetfl

292 2486 541 2554 Benedictus
576 2488 650 2566 ΧΙ.,
691 2489 744 2556 die
784 2490 814 2554 6.
838 2489 924 2555 Nov.
967 2489 1050 2554 1303
1094 2508 1154 2574 per
1195 2489 1468 2555 constitutionem
1513 2487 1675 2572 ,Superni

185 2592 461 2680 dispositione“⁷)
486 2613 605 2660 omnes
636 2596 757 2680 gratias
794 2596 1034 2680 exspectativas
1070 2615 1089 2660 a
1125 2595 1380 2679 praedecessore
1409 2613 1472 2660 suo
1497 2612 1676 2661 concessas

185 2700 226 2766 ad
266 2700 430 2766 beneficia
460 2701 513 2767 vel
550 2701 660 2767 officia
696 2702 929 2782 ecclesiastica,
969 2704 1003 2768 in
1040 2703 1162 2787 quibus
1200 2703 1251 2767 ius
1288 2703 1321 2767 in
1357 2720 1390 2766 re
1426 2701 1576 2768 nondum
1608 2704 1677 2768 erat

187 2809 387 2890 quaesitum,
425 2808 620 2874 solemniter
654 2810 829 2876 revocavit.
878 2809 946 2891 Qui
978 2813 1090 2875 tamen
1114 2809 1279 2887 Pontifex,
1316 2827 1525 2893 quamquam·
1550 2827 1676 2875 novas

187 2915 445 2980 constitutiones
492 2917 727 2983 reservatorias
774 2935 885 3001 neque
932 2917 1016 2983 circa
1066 2917 1210 2983 insulam
1258 2915 1390 2982 Siciliae
1437 2934 1547 3001 neque
1592 2916 1676 2981 circa

188 3038 326 3104 regnum
367 3022 527 3089 Franciae
575 3023 767 3108 publicavit,
814 3027 926 3090 tamen
974 3024 1154 3089 nonnullas
1194 3042 1212 3089 a
1252 3023 1566 3107 praedecessoribus
1606 3024 1676 3089 suis

189 3129 253 3192 iam
299 3130 402 3195 factas
449 3130 553 3196 voluit
600 3131 810 3217 observarit)
858 3149 932 3196 cum
980 3151 1010 3195 v.
1057 3150 1090 3215 g.
1139 3130 1172 3194 in
1220 3148 1323 3214 regno
1371 3129 1502 3196 Siciliae
1549 3130 1676 3214 priores

188 3234 462 3307 Reservationum
508 3235 778 3321 Apostolicorum
831 3256 951 3302 causae
998 3237 1017 3302 i.
1065 3256 1093 3302 e.
1141 3236 1390 3320 pertubationes
1441 3236 1677 3321 quaelibetque

252 3450 274 3517 1)
295 3449 335 3505 Ci.
356 3450 425 3504 Prou
450 3451 466 3504 l.
487 3467 509 3504 c.
529 3450 564 3504 n⁰
582 3451 634 3505 190
658 3451 740 3517 (1286
759 3450 817 3504 Jan.
837 3450 872 3518 2.)
892 3449 956 3503 vide
976 3450 1055 3503 etiarn
1075 3452 1245 3517 provisiones
1264 3450 1291 3503 et
1310 3449 1493 3503 ordinationes
1512 3451 1566 3503 tam
1586 3447 1677 3517 quoad

187 3540 333 3607 spiritualia
354 3555 434 3608 quam
453 3541 610 3608 temporalia
630 3555 678 3609 pro
697 3540 771 3595 bono
790 3542 920 3610 regimine
940 3541 1016 3610 regni
1035 3538 1148 3592 Siciliae.
1177 3538 1251 3608 Mag.
1265 3537 1334 3591 Bull.
1348 3538 1422 3597 Rom.
1439 3539 1461 3592 1.
1481 3553 1503 3592 c.
1523 3554 1549 3607 p.
1569 3539 1604 3592 70
1617 3554 1677 3608 sqq.

113 3615 115 3620 ¹
252 3626 274 3696 2)
294 3644 316 3682 c.
336 3629 361 3683 3.
383 3632 409 3682 in
429 3629 535 3684 Extrav.
556 3629 661 3684 Comm.
681 3630 698 3684 1.
718 3630 742 3684 3.

252 3716 275 3785 ³)
296 3717 450 3786 Grandjean
470 3718 486 3771 l.
507 3734 528 3772 c.
549 3716 584 3771 n⁰
602 3717 759 3782 295,·1256.

294 3806 443 3870 Drumann‚
464 3806 563 3861 Gesch.
583 3806 670 3863 Bonii.
690 3807 754 3861 Vlll.
775 3807 792 3871 1,
814 3808 864 3862 160
883 3821 943 3875 sqq.
964 3806 991 3870 Il,
1011 3806 1027 3859 2
1047 3821 1106 3875 sqq.

251 3894 276 3963 ⁴)
296 3894 351 3949 Sed
371 3911 565 3964 nonnunquam
587 3896 674 3950 dictus
694 3896 817 3951 Pontifex
831 3897 941 3966 petitam
955 3909 1131 3965 personarum
1144 3895 1407 3948 nominationem
1421 3893 1456 3947 ad
1469 3896 1584 3947 maiores
1598 3908 1678 3964 quas·

188 3983 249 4037 dam
282 3985 409 4039 ecclesias
441 3985 566 4053 Philippo
598 3988 654 4055 regi
683 3985 806 4050 indulsit;
838 4001 863 4040 v.
893 4001 919 4055 g.
948 3985 996 4041 die
1024 3985 1065 4038 22.
1094 3984 1171 4037 Febr.
1203 3982 1271 4037 1298
1298 3965 1441 4052 Archiepis
1469 3983 1624 4038 Narbonen.
1652 3985 1679 4037 et

188 4072 285 4127 Dolen.
305 4089 335 4128 ac
353 4073 571 4128 Antissiodoren.
591 4074 762 4127 ecclesiarum
793 4074 868 4129 dedit
893 4074 1058 4137 mandatum,
1087 4074 1116 4127 ut
1144 4075 1196 4141 ipsi
1219 4071 1263 4126 vel
1283 4072 1338 4125 duo
1366 4073 1412 4125 aut
1432 4086 1501 4125 unus
1520 4087 1613 4125 eorum
1636 4074 1678 4134 ,in

188 4162 303 4231 singulis
322 4162 520 4217 cathedralibus
540 4165 566 4216 et
585 4162 734 4232 collegiatis
754 4163 876 4216 ecclesiis
896 4165 972 4232 regni
986 4163 1121 4225 Franciae,
1135 4161 1317 4231 *lugdunensi
1337 4161 1364 4213 et
1377 4160 1528 4214 Vivariensi
1548 4161 1678 4225 ecclesiis,

188 4265 257 4319 quae
277 4250 311 4304 de
331 4267 416 4322 regno
435 4254 495 4320 ipso
515 4267 570 4306 non
589 4266 650 4304 esse
669 4266 699 4304 se
719 4252 849 4315 asserunt,
870 4251 1008 4304 dumtaxat
1027 4250 1155 4318 exceptis,
1181 4249 1296 4318 singulis
1320 4251 1444 4318 personis
1463 4249 1577 4313 idoneis,
1598 4263 1679 4319 quas

188 4353 242 4392 rex
261 4341 333 4408 ipse
353 4340 487 4394 duxerit
506 4340 727 4395 nominandas
747 4339 781 4393 de
801 4340 917 4409 singulis
936 4338 1138 4394 canonicatibus
1152 4338 1324 4392 ecclesiarum
1344 4339 1461 4406 ipsarum
1476 4339 1502 4391 et
1515 4337 1678 4406 praebendis

79 4455 83 4461 ‚
188 4428 253 4481 nulli
283 4428 317 4482 de
345 4432 401 4483 iure
434 4429 541 4494 debitis,
570 4431 593 4482 si
621 4430 718 4482 vacant
746 4432 772 4481 in
801 4431 867 4497 ipsis
893 4429 1014 4482 ecclesiis
1037 4428 1082 4482 vel
1111 4441 1192 4495 quam
1221 4428 1274 4480 cito
1303 4430 1443 4480 vacarent“
1477 4427 1681 4481 auctoritate

187 4516 385 4586 Apostolica
406 4519 549 4588 providere
569 4519 684 4572 sollicite
703 4519 833 4572 curarent.

296 4604 336 4660 Ci.
357 4606 459 4678 Digard
479 4608 495 4661 1.
515 4623 537 4661 c.
558 4605 593 4660 n⁰
611 4607 681 4661 2117
702 4607 782 4674 (1298
800 4606 877 4661 Febr.
896 4607 934 4675 9).

397 4718 409 4740 ι
481 4719 492 4741 =
517 4719 528 4741 ε
556 4694 592 4749 n⁰
610 4696 679 4750 2119
699 4696 754 4766 (22.
773 4695 843 4750 Febr
862 4711 885 4749 e.
904 4696 939 4766 a).

254 4783 278 4849 ⁶)
299 4783 454 4852 Grandjean
474 4785 490 4838 l.
511 4801 532 4839 c.
552 4783 589 4838 n⁰
607 4785 686 4838 3216.

254 4872 276 4940 6)
296 4871 448 4941 Specialem
477 4876 588 4943 insuper
616 4874 712 4927 direxit
739 4874 959 4927 constitutionem
988 4873 1078 4926 contra
1107 4872 1203 4925 dantes
1232 4870 1335 4939 aliquid
1364 4871 1407 4925 vel
1427 4872 1614 4940 promittentes
1635 4873 1681 4926 aut

189 4961 348 5030 recipientes
361 4976 410 5029 pro
429 4961 613 5017 obtinenda
632 4963 740 5032 gratia
758 4963 802 5015 vel
822 4963 921 5015 iustitia
941 4962 1013 5030 apud
1027 4960 1126 5015 Sedem
1145 4960 1339 5029 Apostolicam.
1359 4960 1433 5029 Mag.
1453 4959 1521 5013 Bull.
1536 4960 1612 5019 Rom.
1627 4961 1644 5014 l.
1659 4976 1681 5014 c·

189 5064 215 5118 p.
238 5050 288 5105 126
319 5064 380 5104 cum
406 5050 469 5103 nota
498 5050 630 5104 adiuncta.
669 5050 741 5103 Idem
771 5050 894 5104 Pontifex
921 5051 1069 5119 publicavit
1096 5052 1176 5104 etiam
1205 5063 1362 5118 processum
1391 5051 1482 5102 contra
1510 5048 1682 5104 offendentes

189 5140 330 5192 venientes
350 5139 377 5192 et
397 5139 554 5193 recedentes
573 5140 606 5192 ab
626 5138 699 5194 Urbe
719 5139 734 5192 l.
755 5154 777 5192 c.
797 5154 823 5207 p.
846 5138 903 5193 158.

256 5227 279 5294 1)
299 5227 453 5296 Grandjean
473 5228 489 5280 l.
509 5243 531 5280 c.
552 5225 666 5291 110208,
688 5228 756 5282 1103
776 5227 856 5295 (1303
875 5228 945 5282 Nov.
966 5228 1002 5295 6).

255 5316 277 5384 ⁸)
297 5316 400 5370 ibidem
420 5315 535 5380 110233,
555 5316 616 5381 231,
635 5316 696 5381 119,
716 5314 775 5381 295,
798 5316 873 5374 1123.
