1023 1631
508 131 542 148 1⁰0

206 182 248 202 Nos.
260 182 281 200 ad
290 187 342 200 omne
353 182 424 200 dubium
433 187 483 204 super
494 183 528 200 hoc
539 183 686 204 summovendum,
699 183 796 200 auctoritate
807 183 904 206 apostema

153 209 257 227 declaramus
269 209 291 226 de
302 209 399 226 huiusmodi
410 209 503 230 beneflciis,
516 210 584 227 ecinmsi
596 209 693 231 dignitates,
705 211 806 231 personatus
814 211 834 227 et
844 208 903 228 officia

153 235 187 254 sint
198 236 227 253 eut
238 235 299 253 tuerint
310 236 339 253 aut
350 240 406 253 curam
418 236 491 253 habeant
502 237 602 257 animarum,
614 241 648 258 que
655 241 685 258 per
692 236 819 254 assecucionem
829 237 902 254 aliorum

153 262 280 282 beneficiorum,
304 262 325 279 de
344 263 406 284 quibus
426 263 529 280 collationes
548 263 564 280 et
583 263 689 284 provisiones
708 263 759 280 iactas
781 264 797 280 et
815 263 902 281 iaciendas

154 289 290 306 confirmavimus
310 289 326 306 et
339 289 476 306 confirmabimus
496 291 526 306 aut
544 290 660 307 concessimus
678 290 714 306 sive
733 289 855 312 decrevimust)
874 289 902 308 vel

154 316 245 336 voluimuS,
253 316 365 333 concedemus
369 317 382 336 ιἵ)
393 316 428 333 sive
436 317 514 333 volemus
522 317 551 333 aut
558 317 668 333 decernemus
675 316 735 333 valere.
747 316 786 334 Non
794 316 902 334 obstantibus

154 343 298 360 reservacionibus
312 343 358 359 iactis
370 343 439 360 forsitan
451 343 472 359 de
484 343 549 360 eisdem
564 343 602 365 (sic)
616 344 716 360 vacaverunt
727 343 754 360 vel
765 344 853 364 vacabunt,
865 348 902 360 non

154 369 231 390 potuisse
240 374 271 386 nec
281 374 333 391 posse
342 374 371 391 per
379 369 430 386 alium
437 374 487 391 quam
496 370 591 388 Romanum
598 370 695 391 pontificem
702 370 779 390 ordinari,
792 370 902 387 decernentes

154 396 209 413 iritum
227 396 243 412 et
260 396 311 413 inane
328 396 343 413 si
360 401 408 413 secus
424 401 475 418 super
486 396 519 413 hiis
531 401 540 413 a
552 401 639 418 quoquam
651 397 710 418 quavis
722 397 819 413 auctoritate
831 397 903 413 scienter

154 422 180 439 vel
185 422 205 444 ¹⁰)
214 423 311 444 ignoranter
322 423 437 444 attemptatum
450 423 505 440 lorsan
519 424 544 440 est
556 423 636 440 hactenus
647 423 674 440 vel
685 424 773 445 contigerit
785 423 802 440 in
815 424 902 445 posterum

154 449 253 471 attemptari.
276 449 321 466 Nulli
334 454 374 471 ergo
386 450 416 466 etc.

207 476 269 493 Datum
281 476 364 493 Avinione
375 476 443 498 Xllll.¹¹)
454 476 486 493 kal.
498 476 573 493 lanum-ii
585 482 600 493 at
613 476 707 493 undecimo.

185 529 196 546 ¹)
206 529 251 543 deest:
260 529 276 544 V⁴

185 551 198 568 ἶ)
207 552 283 565 obtinebat:
294 552 310 565 V.

185 574 197 592 ε)
207 574 260 588 divense
269 573 290 592 (!):
301 574 316 588 ν,

185 596 197 613 ⁴)
207 597 230 610 aut
239 596 264 614 (!):v
271 596 287 610 V,

186 618 198 636 ⁵)
207 618 284 632 obtinebat:
294 619 310 632 V.

186 641 197 658 ε)
207 641 230 658 qui
240 641 262 658 (1):
271 641 287 654 v.

187 663 199 680 ⁷)
209 663 230 676 ma
240 663 262 680 (ιγ
272 663 288 677 v.

186 685 197 702 Β)
208 685 298 699 decernimus:
308 685 324 699 V.

187 707 198 725 Β)
208 708 295 721 concedimus
304 708 333 722 sive
343 708 406 721 volumus
416 712 431 721 ac
441 708 533 721 decernimus:
543 708 559 721 V.

183 729 200 747 ¹⁰)
209 730 256 743 ultima
265 730 306 743 verbs
316 730 371 743 desunt:
381 730 397 743 V.

183 752 199 769 ¹¹)
209 752 247 766 xm*
257 752 273 766 V.

515 829 546 849 47.

158 860 191 874 1³60
200 860 232 874 Julii
242 860 262 874 10.

157 882 189 900 Reg,
198 882 242 896 Ανειι,
251 882 296 896 lnnoc:⁴
306 882 327 896 V'l.
338 883 347 896 t.
356 882 374 896 23
383 882 406 896 tol.
415 882 468 896 391t.⁰.

209 927 274 944 Dilecto
286 927 321 943 tilio
334 927 412 947 Henrico,
425 928 463 943 nato
476 927 562 948 quondam
581 927 647 943 Henrici
665 927 686 943 de
703 926 800 946 Valkenow,
821 927 903 948 perpetuo

156 954 218 970 vicario
231 954 247 970 in
259 954 329 970 ecclesia
341 954 478 973 Wratislauiensi,
491 954 562 970 salutem
575 954 605 970 etc.

210 985 320 1001 Probitatis
332 986 351 1001 et
362 985 456 1001 virtutum
466 985 543 1005 merita,
552 985 613 1006 quibus
622 989 711 1005 personam
720 985 765 1000 tuam
777 984 901 1005 tidedignorum

157 1012 254 1028 testimonio
267 1012 319 1028 iuvari
335 1012 446 1033 percepimus,
463 1016 494 1028 nos
512 1012 598 1030 inducunt,
615 1012 632 1027 ut
651 1012 667 1027 te
687 1011 733 1027 dono
753 1011 830 1032 specialis
848 1011 903 1032 gracie

158 1043 283 1060 prosequamur.
298 1038 341 1055 Cum
351 1038 407 1059 itaque
415 1039 495 1059 perpetua
504 1038 565 1054 vicaria
577 1038 593 1054 in
603 1038 671 1054 eeclesia
681 1038 812 1054 Wratislauiensi
821 1038 903 1054 vacaverit

158 1065 173 1081 et
185 1066 231 1081 vacet
243 1065 264 1081 ad
273 1070 347 1086 presens,
356 1065 402 1086 quod
410 1065 480 1081 dilectus
492 1065 538 1081 tilius
548 1065 635 1081 Johannes
647 1064 700 1081 dictus
715 1064 735 1080 de
743 1064 839 1084 Valkenow,
852 1065 904 1081 rector

158 1092 265 1113 parrochialis
278 1092 347 1108 ecclesie
360 1092 377 1108 in
390 1091 534 1111 Pothwinsdoffl),
547 1091 687 1108 Wratislauiensis
700 1091 777 1110 diocesis,
791 1092 830 1107 tunc
842 1091 903 1108 dictam

158 1118 235 1135 vicariam
248 1119 331 1138 obtinens,
350 1118 425 1135 eiusdem
444 1118 552 1139 parrochialis
570 1118 639 1134 ecclesie
659 1118 698 1134 tunc
715 1118 789 1134 vacantis
807 1118 903 1134 auctoritate

158 1145 246 1161 litterarum
254 1145 346 1161 nostrarum
356 1145 388 1161 sibi
396 1145 460 1164 collate,
470 1145 597 1166 possessionem
607 1145 692 1166 pacificam
701 1145 726 1160 est
734 1144 805 1165 adeptus
814 1144 904 1165 nullusque

158 1171 179 1188 de
192 1172 235 1188 dicta
247 1172 307 1188 vicaria
319 1173 373 1193 preter
385 1176 416 1188 nos
429 1172 459 1188 hac
466 1172 501 1188 vice
515 1172 604 1193 disponere
617 1171 689 1192 potuerit
701 1175 756 1192 neque
769 1171 823 1192 possit
835 1176 865 1192 pro
877 1175 903 1190 eo,

159 1198 204 1219 quod
217 1203 248 1214 nos
261 1198 289 1214 diu
302 1199 339 1214 ante
352 1199 460 1215 vocacionem
469 1198 566 1214 huiusmodi
579 1198 635 1214 omnia
649 1197 729 1214 beneficia
742 1198 853 1214 ecclesiastiea
865 1202 903 1214 cum

158 1229 196 1242 cura
214 1225 230 1241 et
241 1225 277 1241 sine
289 1229 327 1241 cura
345 1229 483 1246 quorumcunque
499 1230 529 1246 per
545 1225 670 1241 assecucionem
683 1224 768 1245 pacificam
784 1224 903 1245 parochialium

159 1251 266 1268 ecclesiarum
278 1252 294 1268 ei
306 1252 425 1268 beneficiorum
438 1252 508 1268 aliorum
522 1252 671 1268 ecclesiasticorum
684 1256 713 1272 per
725 1256 757 1267 nos
769 1256 798 1267 seu
808 1251 904 1267 auctoritate

159 1279 215 1295 nostra
234 1279 273 1295 tunc
288 1278 385 1294 collatorum
406 1279 421 1294 et
440 1278 457 1294 in
475 1279 524 1295 antea
542 1278 679 1295 conferendorum
699 1278 723 1294 eis
741 1279 780 1294 tunc
794 1278 872 1294 vacancia
888 1278 904 1294 et

160 1305 268 1326 imposterum
275 1306 390 1321 vacaturorum
395 1305 482 1321 collacioni
489 1306 505 1321 et
510 1305 681 1326 disposicioninostre
685 1306 793 1324 reservantes,
800 1304 903 1321 decrevimus

160 1336 180 1348 ex
191 1332 230 1348 tunc
243 1332 304 1348 irritum
323 1332 339 1348 et
351 1331 406 1351 inane,
419 1332 432 1348 si
445 1336 493 1348 secus
506 1336 557 1353 super
569 1331 601 1348 hiis
614 1336 623 1347 a
635 1336 721 1352 quoquam
735 1331 794 1352 quavis
807 1331 903 1347 auctoritate

160 1358 231 1375 scienter
243 1358 268 1374 vel
280 1358 376 1379 ignoranter
391 1358 479 1379 contigerit
491 1358 590 1379 attemptari.
603 1358 639 1374 Nos
651 1358 727 1374 volentes
742 1358 771 1374 tibi
784 1358 903 1379 premissorum

160 1385 255 1402 meritorum
275 1386 341 1401 tuorum
360 1385 420 1401 intuitu
432 1385 504 1406 graciam
524 1385 576 1401 iacere
594 1385 689 1406 specialem,
707 1385 767 1401 dictam
786 1385 863 1401 vicariam
881 1384 904 1401 sic
