3720 5932
747 258 1041 396 ’,Λ-1,.

187 515 365 584 excludens
390 513 577 591 declaravit,
602 512 766 579 beneficia
792 514 824 576 et
848 511 1028 595 dignitates
1050 508 1234 575 antedictas
1255 511 1334 593 post
1355 526 1506 573 mensem
1525 507 1677 592 elapsum

186 626 313 691 tantum
344 624 386 689 ab
422 620 658 706 Episcopis
688 619 751 698 vel,
784 619 866 703 ipsis
903 619 936 683 in
968 616 1104 683 remotis
1129 616 1317 701 agentibus
1350 634 1408 700 per
1433 633 1514 681 suos
1538 615 1679 681 vicarios

186 730 357 816 generales
389 730 429 794 in
461 746 604 795 eorum
640 724 922 793 dioecesibus
959 724 1226 790 exsistentes
1258 740 1333 789 cum
1358 722 1516 789 mandato
1542 721 1678 807 speciali

186 839 363 904 instructos
399 835 538 902 conferri
574 852 687 919 posse.
734 831 928 899 Notandum
955 834 1065 897 tamen
1101 833 1259 909 remanet,
1296 829 1561 896 moderationem
1597 828 1677 894 iuris

185 963 203 1010 a
238 943 412 1010 Clemente
451 942 501 1008 lV.
532 941 667 1008 stabiliti
699 941 733 1005 in
772 940 836 1005 boc
865 939 974 1022 capite
1006 955 1197 1022 expressam
1230 940 1399 1022 spectasse
1437 935 1479 1003 ad
1515 935 1677 1002 beneficia

184 1054 216 1117 et
252 1050 433 1135 dignitates
480 1050 553 1114 sine
595 1047 796 1126 discrimine,
837 1064 917 1130 ergo
953 1045 1053 1111 etiam
1098 1044 1139 1111 ad
1179 1044 1334 1110 electivas
1375 1046 1531 1111 vacantes
1577 1061 1677 1110 causa

184 1158 300 1224 mortis
325 1158 366 1222 in
391 1156 533 1234 Curia,
558 1172 627 1220 non
651 1172 730 1220 vero
755 1152 797 1220 ad
821 1155 1003 1218 reservatas
1026 1152 1109 1217 forte
1134 1170 1174 1217 ex
1198 1151 1261 1217 alia
1284 1151 1425 1237 causal)

288 1307 420 1374 Deinde
452 1305 678 1372 Bonifatius
708 1303 777 1370 PP.
812 1303 902 1369 Vlll.
935 1303 989 1370 die
1012 1301 1042 1369 5.
1067 1303 1148 1369 Maii
1176 1302 1260 1368 1295
1296 1321 1355 1388 per
1388 1303 1675 1383 constitutionem,

185 1434 271 1501 quae
297 1414 413 1498 incipit
451 1412 575 1489 ,Piae
612 1410 998 1496 sollicitudinis“2)
1034 1409 1227 1476 renovando
1252 1427 1278 1475 c.
1308 1410 1416 1487 „Licet
1440 1410 1673 1476 ecclesiarum‘

185 1542 204 1589 a
248 1520 422 1586 Clemente
460 1518 510 1584 lV.
551 1518 677 1584 editum
724 1518 908 1603 provisioni
949 1516 1047 1583 Sedis
1085 1516 1300 1601 Apostolicae
1339 1518 1517 1583 reservavit
1556 1535 1675 1583 omnes

187 1628 377 1712 dignitates
407 1629 615 1712 personatus,
651 1624 869 1711 praebendas,
895 1624 1052 1690 ecclesias
1077 1625 1208 1708 aliaque
1244 1623 1467 1690 ecclesiastica
1502 1624 1674 1703 beneficia,

96 1721 101 1729 ⁸
187 1733 275 1819 apud
290 1733 412 1800 Sedem
425 1732 655 1818 Apostolicam
674 1733 785 1798 intra
802 1750 926 1796 unum
957 1750 1046 1796 men
1057 1751 1072 1796 s
1082 1750 1099 1797 e
1109 1751 1140 1796 11
1155 1750 1173 1797 a
1187 1730 1263 1797 data
1276 1731 1469 1797 Litterarum
1484 1731 1675 1817 hactenun)

188 1843 220 1906 in
246 1840 344 1907 Curia
368 1841 518 1906 vacantia
542 1842 575 1905 et
599 1840 633 1904 in
657 1843 828 1924 posterum
852 1841 1016 1906 vacatura.

288 1991 459 2058 Praeterea
475 1990 663 2057 Bonifatius
679 1991 755 2056 Vlll.
781 1990 964 2076 praefatum
989 2009 1014 2056 c.
1044 1991 1152 2067 ,Licet
1176 1990 1409 2056 ecclesiarum“
1437 1990 1478 2056 de
1504 1987 1675 2056 beneficiis

185 2099 378 2166 vacantibus
413 2097 548 2182 „apud
584 2097 733 2164 Sedem
757 2097 1080 2183 Apostolicam“
1115 2115 1187 2182 per
1210 2115 1236 2162 c.
1272 2096 1589 2183 ,Praesenti“4)
1630 2098 1674 2164 ita

184 2205 339 2284 extendit,
376 2208 411 2270 ut
446 2205 620 2284 beneficia,
656 2223 743 2289 quae
780 2205 926 2290 Legati
967 2208 1023 2270 aut
1053 2204 1203 2270 Nuntii
1239 2203 1337 2270 Sedis
1371 2202 1587 2289 Apostolicae
1622 2204 1674 2270 vel

183 2313 293 2397 quivis
329 2313 384 2379 alii
420 2312 463 2379 ad
492 2312 677 2385 Romanam
703 2304 837 2378 Curiam
873 2312 1046 2377 venientes
1080 2311 1133 2377 vel
1169 2312 1268 2376 etiam
1305 2312 1347 2377 ab
1383 2311 1456 2394 ipsa
1481 2311 1674 2378 recedentes

182 2420 390 2498 obtinebant,
427 2420 455 2485 si
480 2418 587 2486 dictae
611 2437 775 2504 personae
800 2437 868 2485 non
899 2422 1027 2484 tantum
1052 2419 1085 2483 in
1111 2417 1211 2485 Curia
1242 2417 1301 2483 sed
1333 2416 1432 2483 etiam
1467 2419 1533 2495 ,in
1564 2418 1674 2484 locis

151 2546 154 2553 ·
182 2526 341 2593 vicinis
377 2527 463 2611 ipsi
500 2525 680 2592 Curiae“
720 2529 924 2592 morerentur
959 2525 1111 2598 Romano
1143 2525 1298 2592 Pontifici
1334 2527 1474 2593 omnino
1510 2528 1674 2591 reservata

183 2652 257 2699 esse
300 2633 490 2700 declararet.
537 2632 640 2699 Porro
683 2634 711 2699 si
763 2634 838 2718 quis
884 2633 1016 2699 curialis
1052 2634 1150 2698 etiam
1190 2632 1276 2699 Sede
1311 2632 1505 2717 Apostolica
1536 2636 1673 2698 vacante

184 2741 472 2824 peregrinationis,
505 2740 704 2806 infirmitatis
730 2745 785 2806 aut
809 2741 1021 2806 recreationis
1046 2758 1105 2805 seu
1130 2740 1193 2805 alia
1225 2741 1343 2824 quavis
1367 2758 1467 2805 causa
1496 2738 1538 2804 ad
1563 2739 1672 2805 locum

185 2845 304 2912 Curiae
330 2847 477 2913 vicinum
504 2848 536 2931 [i.
564 2866 591 2913 e.
631 2848 713 2914 ultra
744 2847 827 2914 duas
863 2846 1006 2933 dietas-⁵)
1031 2846 1157 2931 legales
1192 2866 1210 2912 a
1238 2846 1338 2913 Curia
1380 2865 1447 2913 non
1482 2845 1673 2929 distantem]

186 2970 222 3017 se
245 2952 407 3019 conferret
431 2955 545 3039 ibique
570 2957 760 3033 moreretur,
792 2954 954 3021 beneficia
985 2954 1098 3020 omnia
1124 2954 1188 3037 ipsi
1213 2953 1331 3020 collata
1356 2956 1470 3019 essent
1498 2957 1672 3032 reservata,

187 3058 371 3126 dummodo
396 3079 438 3126 ne
462 3061 495 3125 in
520 3061 594 3127 loco
621 3060 810 3146 supradicto
835 3059 1040 3126 domicilium
1066 3061 1211 3125 nutriret.

290 3209 324 3276 Si
342 3211 418 3295 quis
434 3229 523 3291 vero,
549 3211 669 3278 Curiae
686 3213 871 3277 membrum
889 3231 958 3277 non
976 3213 1132 3289 existens,
1158 3213 1191 3277 in
1209 3213 1294 3290 loc0‚
1320 3230 1388 3296 quo
1406 3211 1505 3278 Curia
1522 3216 1672 3296 tempore

186 3335 266 3383 suae
290 3319 406 3384 mortis
429 3323 613 3385 versaretur
635 3320 771 3384 haberet
794 3319 932 3385 domum
959 3319 1128 3405 originisss)
1153 3320 1205 3385 vel
1233 3320 1428 3385 continuum
1454 3318 1671 3399 domicilium,

90 3490 95 3503 ,
185 3423 257 3490 eius
295 3425 457 3491 beneficia
496 3426 588 3490 nullo
629 3425 731 3492 modo
771 3430 885 3491 essent
923 3429 1097 3505 reservata,
1137 3427 1216 3510 quia
1255 3427 1337 3492 alias
1369 3426 1453 3504 loco,
1493 3427 1549 3492 ubi
1581 3426 1673 3510 Papa

184 3535 374 3611 moraretur,
399 3551 500 3616 grave
518 3532 645 3598 illatum
669 3532 788 3599 fuisset
812 3533 1062 3617 praeiudicium.
1110 3534 1144 3598 ln
1162 3532 1250 3599 dicto
1268 3534 1375 3618 capite
1393 3532 1580 3599 Bonifatius
1596 3533 1673 3598 Vlll.

184 3637 283 3704 etiam
325 3640 601 3705 commemoravit
645 3658 770 3718 casum,
818 3658 886 3724 quo
922 3639 1057 3705 Curiam
1093 3640 1134 3705 de
1170 3640 1244 3706 loco
1283 3640 1324 3706 ad
1362 3640 1471 3706 locum
1507 3640 1673 3706 transferri

184 3745 400 3830 contingeret.
460 3745 494 3811 Si
531 3747 620 3811 enim
658 3747 797 3812 curiales
834 3746 969 3812 Curiam
1010 3750 1189 3831 sequentes
1228 3747 1280 3813 vel
1319 3748 1353 3812 in
1392 3747 1466 3813 loco
1498 3747 1587 3812 unde
1619 3747 1673 3813 illa

183 3852 320 3917 recessit
353 3852 491 3919 forsitan
539 3854 749 3919 remanentes
796 3854 917 3919 infirmi
960 3857 1174 3933 morerentur,
1207 3872 1320 3920 eorum
1363 3853 1526 3920 beneficia
1562 3857 1675 3919 essent

184 3961 349 4024 reservata
386 3963 692 4044 „quantuncunque
717 3961 820 4039 locus,
846 3961 902 4026 ubi
933 3959 1108 4039 decedunt,
1138 3961 1179 4026 ab
1205 3961 1278 4045 ipsa
1302 3960 1402 4027 Curia
1427 3960 1469 4025 sit
1493 3963 1673 4026 remotus“.

184 4155 397 4164 -—.-—--

248 4315 269 4381 1)
290 4315 330 4370 Cf.
350 4315 463 4386 Pirbing
481 4316 497 4369 l.
519 4332 540 4369 c.
561 4314 596 4369 11⁰
614 4315 667 4370 330
685 4331 745 4385 sqq.

246 4429 267 4498 ²)
288 4446 309 4484 c.
332 4432 354 4485 l.
374 4435 400 4485 in
421 4432 527 4487 Extrav.
547 4432 653 4487 Comm.
673 4433 712 4487 111.
732 4434 756 4488 2.

291 4519 394 4590 Digard
413 4523 429 4575 l.
450 4538 472 4576 c.
492 4521 527 4576 n⁰
546 4522 594 4577 881
617 4524 686 4591 (sine
706 4524 799 4591 textu).

247 4633 269 4702 ³)
289 4634 352 4688 Inde
379 4639 452 4705 patet
471 4654 493 4692 c.
526 4639 614 4701 ,Licet
634 4640 821 4693 ecclesiarum
853 4641 974 4708 tempore
993 4641 1132 4694 electionis
1152 4640 1277 4695 Bonifatii
1297 4641 1360 4696 Vlll.
1381 4642 1462 4707 (1294
1475 4641 1540 4696 Dec.
1555 4642 1599 4710 21)
1619 4657 1673 4695 101

183 4723 216 4778 ab
231 4724 358 4777 omnibus
372 4727 397 4778 in
418 4740 590 4797 quocumque
610 4743 673 4783 casu
692 4727 776 4783 tuisse
795 4730 976 4783 observatum.
1014 4729 1140 4783 Attamen
1161 4730 1249 4784 dictus
1262 4730 1386 4784 Pontifex
1398 4733 1488 4784 omnia
1502 4728 1570 4783 facta
1583 4733 1674 4785 contra

183 4815 225 4866 ius
250 4814 395 4882 prudenter
419 4830 474 4868 non
502 4818 589 4872 voluit
616 4819 724 4883 irritare,
748 4818 798 4872 sed
817 4819 861 4872 illa
880 4819 992 4882 tantum,
1017 4834 1086 4887 quae
1115 4819 1178 4872 inde
1198 4819 1230 4872 ab
1251 4821 1361 4873 ineunte
1385 4834 1478 4872 mense
1498 4818 1583 4888 Aprili
1606 4818 1674 4874 1295

183 4903 337 4957 acciderunt
357 4904 383 4957 et
402 4906 428 4956 in
448 4905 585 4972 posterum
605 4906 673 4960 forte
692 4908 851 4961 acciderent.

245 5018 268 5088 ⁴)
289 5035 310 5074 c.
331 5020 373 5074 31.
394 5019 429 5074 de
447 5020 538 5089 praeb.
558 5021 595 5075 111.
616 5023 678 5076 411
698 5021 756 5077 v10.

245 5133 268 5202 ⁶)
289 5159 320 5180 =
341 5136 385 5190 XL
406 5136 526 5189 milliaria
545 5136 632 5190 ltalica
654 5161 685 5183 =
706 5139 754 5192 iter
774 5139 910 5194 duorum
931 5140 1058 5207 dierum
1077 5139 1109 5194 ci.
1130 5140 1258 5194 Glossam
1277 5141 1311 5194 ad
1332 5141 1363 5194 V.
1387 5140 1530 5212 ,legales“.

290 5224 465 5284 Reiffenstuel
485 5226 501 5278 l.
522 5241 544 5279 c.
564 5224 677 5281 11153.

245 5339 266 5408 ⁶)
287 5340 327 5395 Cf.
348 5341 474 5396 Glossam
495 5342 529 5395 ad
549 5341 573 5394 V
595 5344 745 5411 ,originis‘
