1023 1631
890 73 974 134 Ἴ

212 201 245 218 Die
254 201 279 218 13.
288 201 334 223 Sept.
344 201 403 223 13191)
415 202 498 223 praefatus
505 201 593 219 ,lohannes
601 202 648 218 XXII.
661 202 680 218 in
692 202 750 219 terris
762 203 785 219 ad
797 203 905 221 Romanam

158 227 269 244 Ecclesiam
287 228 427 249 spectantibus
446 228 465 245 in
482 229 556 250 quovis
573 229 685 246 vacationis
702 234 748 245 casu
767 229 805 246 sibi
823 230 842 246 et
859 230 905 247 Sedi

156 253 288 276 Apostolicae
297 259 360 276 usque
368 255 391 271 ad
400 259 455 272 suam
464 255 483 272 et
491 255 558 277 ipsius
566 255 625 272 Sedis
634 255 781 277 beneplacitum
791 256 905 277 provisionem

157 281 233 298 omnium
246 281 262 297 et
273 281 377 303 singularum
390 282 602 303 archiepiscopalium,
618 282 765 303 episcopalium
781 283 905 304 aliarumque

157 308 311 329 collegiatarum
329 308 460 325 ecclesiarum
478 313 509 325 nec
527 314 562 325 non
580 308 904 330 abbatiarum,'monasteriorum,

157 334 280 355 prioratuum
304 335 431 356 aliorumque
454 335 546 352 locorum
569 336 753 352 ecclesiasticorum
775 336 869 353 vacantium
889 337 905 353 et

156 362 277 381 vacaturorum,
290 362 311 378 ad
329 366 372 383 quae
384 362 422 383 quis
440 362 528 379 consuevit
540 367 574 383 per
585 363 705 379 electionem
723 363 791 382 assumi,
809 364 903 380 reservavit.

157 387 179 404 ita
192 388 262 409 quaevis
274 388 339 408 electio,
351 389 450 408 nominatio,
462 389 554 410 postulatio
567 393 596 405 seu
609 389 679 410 quaevis
691 389 723 405 alia
731 389 805 410 provisio
814 389 835 406 de
843 390 903 406 iisdem

157 414 243 431 beneficiis
255 415 305 432 etiam
322 415 338 431 in
351 420 396 435 casu,
414 420 448 436 quo
461 416 499 436 quis
512 416 573 432 dictam
586 416 714 432 reservationem
727 416 815 437 ignoraret,
833 417 903 433 omnino

157 441 201 457 inita
213 441 331 459 declarabatur.
355 442 410 458 Huius
425 442 543 459 reservationis
560 442 660 463 generalis
678 447 728 459 causa
746 443 848 463 enunciatur,
866 448 904 460 cura

156 468 198 484 circa
222 469 282 485 statum
306 468 393 490 paciiicum
417 469 433 485 et
456 469 563 490 tranquillum
587 469 666 494 terrarum
690 469 707 485 in
730 469 800 486 domino
818 469 903 488 Romanae

156 494 241 511 Ecclesiae
252 495 400 517 consistentium&

210 521 301 543 Postquam
314 527 353 539 vero
365 522 393 538 die
404 522 420 538 9.
433 522 478 543 Sept.
493 522 533 538 1321
540 522 554 543 ὃ)
566 522 653 539 ecclesiam
672 522 763 543 lporien.
782 523 798 538 in
817 523 902 544 provincia

155 548 270 565 Mediolanen.
283 549 331 565 sitam
343 549 430 565 vacantem
442 549 468 565 vel
480 549 575 565 vacaturam
590 549 606 565 vi
619 549 706 570 potestatis
724 554 753 567 „ex
765 549 808 565 alto¹⁴
826 551 902 570 acceptae

156 579 197 591 suae
212 575 228 591 et
244 575 352 596 dispositioni
365 575 413 592 Sedis
425 575 533 596 Apostolicae
546 576 656 592 reservaverat
674 576 690 591 in
709 575 800 592 remedium
813 576 901 592 multarum

156 602 286 622 oppressionum
306 603 322 618 et
339 602 422 618 variorum
441 602 592 621 incommodorum,
611 606 654 623 quae
672 602 714 618 dicta
736 602 805 618 ecclesia
825 603 902 623 „propter

156 628 267 649 malignorum
281 629 365 645 incursus“
380 629 478 650 patiebatur,
490 628 518 645 die
531 629 557 645 30.
569 628 608 645 Julii
622 628 663 644 1322
676 633 706 649 per
717 629 853 645 constitutionem
868 629 901 648 „in

155 654 285 676 Apostolicae
297 655 444 672 sollicitudinis
457 655 569 676 specula“⁴)
582 655 620 671 sibi
629 655 648 671 et
656 655 702 671 Sedi
710 655 839 676 Apustolicae
847 660 901 676 usque

155 680 177 697 ad
195 681 270 698 eiusdem
284 681 332 698 Sedis
350 682 473 703 beneplacitum
492 682 514 698 de
531 682 639 703 Apostolicae
657 682 744 703 potestatis
762 682 866 703 plenitudine
884 682 901 698 in

155 708 265 729 patriarchatu
277 708 403 730 Aquilegien.
423 713 453 725 nec
465 713 499 725 non
515 708 649 725 Mediolanen.
668 708 801 726 Ravennaten.
818 709 900 725 Januen.

155 735 171 751 et
194 734 258 751 Pisan.
282 736 373 756 provinciis
399 735 504 756 provisiones
531 735 618 751 omnium
644 735 813 756 patriarchalium,
837 735 901 752 archi-

155 761 310 783 episcopalium,
328 762 473 783 episcopalium
492 767 571 778 necnon
589 762 674 778 aliarum
693 762 826 783 quarumlibet
841 762 900 778 eccle-

155 788 228 804 siarum
246 789 397 810 collegiatarum
415 789 547 805 saecularium
566 789 584 805 et
602 789 722 809 regularium
739 789 757 805 et
769 788 900 808 abbatiarum,

155 815 328 836 monasteriorum,
352 817 474 838 prioratuum
494 817 512 832 ei
533 817 616 833 aliorum
636 821 799 837 quorumcunque
824 817 900 837 piorum

155 841 244 859 locorum
257 844 392 864 exemptorum
405 844 423 859 et
438 848 477 859 non
493 844 636 864 exemptorurn,
655 843 675 859 ad
689 848 730 864 quas
742 843 769 859 vel
782 843 802 859 ad
815 847 858 864 quos
871 848 900 859 seu

155 873 199 889 quae
211 870 279 891 praelati
291 871 413 886 consueverunt
422 875 451 886 seu
460 870 545 886 debebant
554 874 583 891 per
594 870 713 886 electionem
726 870 794 888 assumi,
807 870 900 886 vacantium

154 896 181 912 vel
192 897 307 913 vacaturorum
320 897 416 918 ubicunque
428 897 550 918 generaliter
562 896 655 913 reservavit,

207 923 227 940 Et
239 924 297 940 eadem
310 923 343 940 tere
358 923 438 944 allegatur
450 923 490 939 ratio
503 923 600 939 huiusmodi
613 923 729 939 reservationis
742 928 771 939 sc:
786 923 870 942 „retroacti
885 924 900 939 et

155 950 242 971 hucusque
254 950 350 967 continuata
362 950 425 966 malitia
436 950 527 971 temporis'‘
541 954 574 971 qua
587 950 692 971 provisiones
705 950 784 966 dictarum
793 949 899 966 ecclesiarum

154 977 203 993 variis
216 977 333 993 suhiacuerunt
345 977 474 993 discriminibus*
498 976 545 992 Haec
557 976 653 992 constitutio
666 976 728 992 tamdiu
741 976 817 992 duratura
830 977 874 992 esset
883 976 899 992 in

154 1004 204 1025 pleno
223 1004 280 1025 vigore
299 1003 363 1023 „donec
380 1003 445 1020 favente
463 1003 533 1019 domino
552 1003 616 1019 sublata
634 1003 706 1024 procella
723 1003 804 1024 temporis
822 1003 899 1024 impacati

154 1030 218 1047 eisdem
231 1030 305 1047 ecclesiis
317 1031 334 1046 et
345 1030 423 1051 personis
435 1034 491 1046 earum
507 1030 557 1051 plena
569 1030 585 1045 in
598 1030 677 1050 eligendo
690 1029 769 1046 securitas
782 1029 897 1045 ministretur}

522 150 544 166 28

185 1075 196 1091 ¹)
206 1074 227 1088 Cf.
237 1074 284 1088 Const
296 1074 383 1090 ,imminente
392 1074 448 1087 Nobis?

208 1096 274 1114 Magnum
284 1096 319 1110 Βιιιι,
329 1096 366 1111 Rom.
376 1096 385 1109 ι,
395 1100 405 1109 ε.
416 1100 428 1113 μ.
439 1096 468 1109 287.

209 1119 243 1132 Cod.
253 1119 268 1132 Β.
278 1119 301 1132 inl,
311 1118 349 1132 721⁰,

208 1141 242 1155 Qud.
252 1141 268 1155 V.
278 1141 301 1154 rol.
311 1140 349 1154 681⁰*

185 1163 196 1181 ἵ)
206 1163 234 1177 Hoc
249 1164 279 1177 ioco
293 1164 326 1176 satis
341 1163 366 1176 erit
375 1163 441 1176 excitasse
453 1163 532 1176 memoriam
546 1163 629 1176 acerbissimi
644 1163 719 1176 certaminis
734 1163 767 1176 inter
776 1162 852 1176 iohannem
862 1162 900 1175 xxn.

153 1186 166 1199 et
181 1186 264 1199 Ludovicurn
278 1185 343 1199 Bavariae
357 1185 406 1198 ducem
421 1185 450 1200 orti.
465 1185 487 1202 qui
502 1185 581 1202 praesertim
595 1185 637 1198 terras
651 1185 712 1199 Romano
726 1184 787 1198 Pontifici
801 1185 868 1198 subiectas
883 1184 900 1197 ad

153 1208 212 1225 aperiam
222 1208 317 1221 sollicitaverat
327 1207 419 1221 rebellionem.

183 1229 196 1247 ε)
206 1230 226 1244 cr
237 1230 269 1248 neg.
279 1230 309 1244 vat.
319 1230 328 1243 ι
340 1230 362 1243 ιιι
373 1229 397 1243 foi.
407 1229 441 1243 ew
450 1229 528 1246 (Mimanti
538 1230 621 1246 ecclesiam.

206 1252 220 1266 P,
230 1252 256 1266 VIL
266 1252 283 1266 n⁰
292 1253 305 1266 5,

184 1274 197 1291 ⁴)
206 1275 239 1292 Reg⁴
249 1275 279 1288 Va(⁴
289 1275 298 1288 L
309 1275 334 1288 128
344 1274 362 1288 110
371 1274 388 1287 74
397 1274 411 1287 et
420 1273 438 1287 n⁴³
447 1273 468 1287 95.

206 1296 241 1310 Codt
251 1296 266 1310 B.
276 1297 298 1310 rol.
309 1297 330 1310 SE,

206 1318 240 1332 eod.
251 1319 267 1332 vl
277 1319 299 1332 ιοι.
309 1319 326 1332 69
336 1319 372 1335 (sine
381 1318 413 1335 die).

206 1341 241 1355 Vide
256 1341 306 1354 P.V11.
321 1341 338 1354 n⁰
347 1341 356 1354 6
365 1349 382 1350 ἡ
396 1341 419 1354 ubi
434 1341 477 1354 dietae
492 1340 549 1353 Litterae
563 1341 621 1357 prirnurn
636 1340 695 1357 integrae
710 1340 794 1357 publicantur
807 1343 814 1353 e
824 1339 874 1353 Codice
884 1339 898 1352 B.

153 1366 183 1376 cum
193 1363 303 1376 adnotationibus
313 1367 320 1376 e
330 1363 364 1376 Cod.
375 1362 391 1376 V.
402 1363 415 1376 et
425 1362 457 1380 ἷξες.
467 1362 497 1376 vat.

206 1385 283 1402 Raynaldus
293 1392 310 1394 —-
319 1385 380 1398 Annales
389 1385 406 1398 ad
416 1389 427 1398 a.
439 1385 472 1398 1322
482 1389 495 1398 n.
505 1385 514 1398 4
527 1392 541 1393 ἶ
551 1385 601 1401 partem
614 1385 665 1398 tanturn
677 1384 721 1398 dictae
735 1384 829 1397 reservationis
839 1384 882 1397 edidit
892 1388 898 1397 a

152 1407 198 1421 verbis
209 1408 229 1423 ,in
240 1407 335 1425 patriarchatu·
347 1411 390 1424 usque
401 1408 507 1424 „reservaniusfi
