1023 1631
495 150 516 167 7⁵

134 203 178 220 extra
194 203 273 220 iudicium
285 208 337 225 posse
352 203 405 220 tacere
417 204 434 220 et
445 203 507 220 habere
520 208 539 220 ac
551 203 622 220 eandem
637 203 671 220 vim
684 203 790 225 eundemque
802 204 878 225 vigorem

134 230 196 251 ubique
208 235 238 251 per
249 230 306 247 omnia
316 230 397 250 obtinere,
410 235 452 251 quas
463 231 479 247 et
487 235 521 251 que
535 230 625 252 originales
639 230 692 247 littere
705 230 745 247 dicti
756 230 878 252 predecessoris

133 256 193 273 exinde
204 257 279 273 coniecte
294 257 365 278 possent
377 257 430 274 tacere
442 262 461 273 ac
476 257 562 277 haberent,
580 257 594 274 si
605 257 660 274 forent
677 257 750 274 exhibite
767 257 793 274 vel
810 257 878 274 ostense

133 288 152 300 ac
164 283 218 300 eidem
230 284 284 300 tenon'
296 284 348 300 stetur
358 284 426 300 firmiter
438 284 454 300 in
464 284 544 300 omnibus
557 284 599 300 sicut
611 284 680 300 staretur
692 284 755 300 eisdem
768 284 877 305 originalibus

133 310 195 330 litteris,
221 310 317 331 ubicunque
346 310 394 327 tuerit
413 310 497 327 exhibitus
517 311 534 327 et
553 311 637 327 ostensus.
671 310 716 327 Nulli
736 315 776 332 ergo
800 311 830 327 etc.
860 310 878 327 Si

133 336 171 358 quis
183 337 238 353 autern
251 337 281 354 etc.

185 363 247 380 Datum
259 363 343 380 Avinione
354 364 380 380 IV.
392 364 423 380 kal<
435 364 475 380 Julii
488 369 501 380 a.
515 365 568 380 sexto.

134 430 167 444 lass
176 430 226 447 Api-nis
236 430 248 444 e.
489 404 521 424 23¹

132 452 166 466 eoa.
176 452 191 465 e.
201 452 224 466 501.
234 452 255 466 aa.

203 483 320 503 Constitucio
335 484 406 504 domini
420 484 516 504 Benedicti
531 484 610 510 legenda
624 485 643 503 in
657 484 710 504 Cena
724 484 807 504 Domini.

248 515 360 535 Benedictus
374 516 408 535 etc,
436 515 467 535 Ad
481 516 592 541 perpetuam
607 516 631 534 rei
647 516 763 535 memoriam.

185 550 353 567 Excommunicamus
372 551 388 567 et
411 551 572 567 anathematizamus
594 555 614 567 ex
632 551 678 572 parte
697 551 729 567 Dei
750 551 877 572 omnipotentis,

133 577 183 598 patris
201 577 217 593 et
235 577 265 593 tilii
285 578 301 593 et
324 578 391 598 spiritus
411 577 472 597 sancti,
491 577 589 594 auctoritate
607 582 675 598 quoque
697 577 811 598 apostolurum
834 577 877 594 Petri

133 604 148 620 et
167 603 214 620 Pauli
234 608 253 620 ac
272 605 328 620 nostra
348 608 408 620 omnes
427 604 515 623 hereticos,
536 604 615 623 Gazaros,
635 605 729 625 patarenos,
752 608 835 625 pauperes
856 604 877 621 de

133 630 214 651 lugduno,
226 630 334 650 Arnaldistas,
347 630 454 652 Speronistas
466 631 483 647 et
494 631 595 652 passaginos
608 631 623 647 et
635 635 695 647 omnes
707 631 755 651 alios,
770 635 877 652 quocumque

132 657 201 673 nomine
218 658 322 677 censeantur,
341 658 357 673 et
374 662 434 674 omnes
446 657 525 677 iautores,
537 658 648 678 receptatores
660 658 676 673 et
695 657 792 674 defensores
812 662 877 677 eorum;

132 683 171 700 item
192 684 356 700 excommunicamus
374 685 390 700 et
408 684 569 700 anathematizamus
587 688 646 700 omnes
664 684 731 705 piratas,
749 684 849 706 cursarios¹)
861 685 877 701 et

132 710 233 727 latrunculos
250 711 323 727 marinos
340 712 356 727 et
376 715 436 727 omnes
453 711 532 730 fautores,
550 711 643 731 receptores
665 711 681 727 et
699 711 795 727 defensores
813 716 876 727 eorum.

132 737 171 753 Item
187 737 352 754 excommunicamus
370 738 385 753 et
403 737 564 754 anathematizamus
577 742 641 757 omnes,
654 737 682 758 qui
695 738 712 754 in
727 737 773 754 terris
786 738 821 754 suis
833 742 876 754 nova

132 764 204 785 pedagia
216 764 328 785 imponuntst)
352 764 391 780 ltem
404 769 499 780 execramus
512 765 528 780 et
540 764 700 781 anathematizamus
715 769 775 780 omnes
787 764 830 784 illos,
848 764 877 785 qui

133 795 191 812 equos,
204 796 253 810 arma,
267 791 332 810 terrum,
345 791 436 812 lignamina
448 791 474 807 vel
487 791 519 807 alia
532 791 615 812 prohibita
628 791 703 807 deterunt
711 791 803 810 Saracenis,
816 791 877 812 quibus

132 819 225 835 christianis
241 819 363 840 impugnant.³)
387 819 426 835 Item
439 819 606 835 excommunicamus
618 820 634 834 et
646 819 805 835 anathematizamus
817 823 877 835 omnes

132 845 207 862 talsarios
233 845 278 861 bulle
305 850 334 862 seu
360 845 449 861 litterarum
475 845 575 861 nostrarum,
610 845 649 861 Item
673 845 838 862 excommunicamus
861 846 877 862 et

132 872 291 888 anathematizamus
311 877 370 888 omnes
388 872 434 891 illos,
455 872 482 893 qui
501 871 523 888 ad
541 872 598 888 sedern
616 872 726 892 apostolicam
747 872 833 888 venientes
850 872 876 889 vel

133 898 228 915 recedentes
244 899 264 915 ab
277 903 296 915 ea
308 903 374 915 necnon
387 898 430 918 illos,
449 898 477 919 qui
490 898 621 914 iurisdictionem
634 898 733 915 ordinariam
746 899 772 915 vel
783 898 877 920 delegatam

132 925 205 946 aliquam
217 930 252 942 non
265 925 351 944 habentes,
364 925 379 941 in
393 925 451 941 eadem
464 925 508 941 curia
521 925 605 941 morantes
617 925 709 941 temeritate
725 925 792 946 propria
804 926 876 947 capiunt,

132 952 205 973 spoliant
217 953 233 968 et
245 952 336 972 detinere⁴)
354 952 452 973 presumunt
470 952 485 968 et
502 952 531 973 qui
543 952 582 968 talia
597 952 632 968 tieri
650 952 712 968 iaciunt
729 952 764 968 sive
777 952 876 974 mandant.⁵)

185 979 224 995 ltern
243 983 277 995 exc,
290 979 306 995 et
320 979 374 995 anath⁴
393 983 452 995 omnes
471 978 515 998 illos,
533 978 562 999 qui
580 983 610 999 per
627 983 645 995 se
661 978 705 1000 velss)
723 978 773 995 alium
792 983 821 995 seu
834 979 876 995 alios

132 1010 246 1027 quascumque
265 1010 346 1026 personas
364 1005 483 1021 ecclesiasticas
501 1005 527 1021 vel
543 1005 625 1021 seculares
641 1006 657 1021 et
669 1005 690 1021 ad
704 1005 796 1023 Romanam
814 1006 876 1022 curiam

132 1037 182 1053 super
192 1037 249 1048 eorum
258 1032 312 1048 causis
323 1033 339 1048 et
348 1032 423 1053 negociis
432 1032 533 1048 recurrentes
541 1031 602 1052 illaque
611 1032 627 1048 in
637 1031 694 1048 eadem
703 1032 747 1048 curia
755 1032 877 1053 prosequentes

132 1063 150 1075 ac
170 1060 289 1080 procuratores,
309 1060 390 1080 gestures,
408 1059 499 1075 advocatos
517 1058 544 1074 vel
564 1059 668 1079 promotores
686 1058 760 1079 ipsorum
778 1059 804 1075 vel
824 1059 875 1075 eciam

132 1085 216 1102 auditores
236 1090 265 1102 seu
285 1085 353 1104 iudices,
374 1085 401 1106 qui
422 1089 472 1106 super
491 1085 539 1101 dictis
559 1085 614 1101 causis
632 1089 662 1101 seu
682 1085 757 1106 negociis
777 1085 877 1106 deputantur

133 1112 221 1128 occasione
240 1117 326 1128 causarum
347 1112 372 1128 vel
396 1112 505 1132 negociorum
527 1111 623 1128 huiusmodi
643 1111 734 1130 verberant,
755 1111 831 1128 mutilant
850 1112 876 1128 vel

132 1139 214 1158 occidunt.
223 1139 338 1159 cuiuscunque
346 1138 474 1159 preeminencie,
487 1138 579 1159 dignitatis,
591 1138 659 1157 ordinis,
672 1138 776 1154 condicionis
788 1139 816 1154 aut
824 1138 876 1155 status

131 1165 192 1181 tuerint
207 1165 280 1186 predicta
296 1165 321 1181 vel
337 1170 394 1181 eorum
408 1165 463 1186 aliqua
478 1165 607 1181 committentes.
637 1164 675 1181 Non
688 1165 794 1181 obstantibus
806 1165 876 1186 quibus-

131 1196 203 1213 cumque
223 1192 314 1213 privilegiis
334 1192 350 1208 et
369 1191 486 1213 indulgenciis,
501 1191 526 1207 eis
544 1191 570 1207 vel
588 1196 645 1207 eorum
664 1191 712 1208 alicui
728 1191 776 1212 seu⁷)
792 1191 876 1212 aliquibus

132 1223 141 1234 a
154 1218 226 1239 predicta
239 1219 278 1235 sede
291 1219 322 1235 sub
335 1219 394 1240 quavis
406 1218 458 1234 torma
470 1218 496 1234 vel
507 1219 565 1234 tenore
576 1218 667 1237 concessis,
680 1218 725 1239 quod
736 1218 876 1235 excommunicari

132 1249 166 1261 non
179 1245 249 1266 possint,
267 1250 304 1266 que,
323 1245 362 1267 ness)
376 1246 432 1261 contra
445 1245 542 1261 huiusmodi
559 1245 624 1261 nostras
636 1245 730 1261 sentencias
748 1245 764 1261 et
781 1249 876 1266 processus,

132 1272 223 1293 quominus
241 1272 345 1288 includantur
360 1272 375 1288 in
394 1272 424 1290 eis.
442 1276 471 1292 per
485 1276 504 1288 ea
518 1271 584 1288 valeant
600 1276 618 1288 se
630 1272 677 1290 tueri.
695 1271 751 1293 quoad
764 1272 796 1288 hoc
808 1276 876 1293 prorsus

131 1298 206 1315 tollimus
225 1299 240 1315 et
258 1303 354 1315 revocamus
372 1298 451 1318 omnino,
467 1303 476 1314 a
492 1298 555 1319 quibus
573 1298 659 1320 quidem⁹)
677 1298 767 1315 sentenciis
779 1298 835 1315 nullus
847 1303 877 1320 per

131 1325 187 1344 alium,
197 1330 246 1346 quam
256 1330 285 1346 per
291 1325 384 1343 Romanum
394 1325 489 1346 pontificem
500 1325 560 1346 possit,
572 1325 604 1341 nisi
612 1325 697 1341 dumtaxat
709 1325 725 1341 in
738 1325 795 1341 mortis
808 1325 876 1342 articulo

131 1352 236 1371 constitutus,
249 1352 313 1368 absolvi
329 1356 360 1368 nec
371 1352 424 1368 eciam
436 1352 480 1370 tunc,
496 1351 529 1368 nisi
541 1351 562 1368 de
574 1351 634 1368 stando
647 1351 729 1368 mandatis
742 1352 816 1371 ecclesie.
828 1352 876 1368 satis-

131 1378 202 1394 {actione
220 1378 246 1395 vel
264 1378 353 1395 sufficienti
370 1378 450 1395 caucione
463 1378 554 1399 premissis.
581 1378 615 1394 Eos
627 1383 672 1398 vero,
684 1378 804 1399 cuiuscumque
816 1378 876 1395 tuerint

132 1405 260 1426 preeminencie,
278 1405 369 1426 dignitatis,
382 1405 446 1422 ordinis
458 1405 563 1421 condicionis
575 1405 604 1421 aut
615 1405 673 1425 status,
692 1405 719 1426 qui
732 1406 788 1422 contra
800 1405 875 1422 tenorem

806 1436 822 1449 ὃ*
