3720 5932
905 303 947 363 88

821 386 1031 395 -—---——.

288 505 420 572 Praeter
442 505 507 571 alla
536 504 700 590 decretal)
725 505 803 572 dicti
827 508 988 592 temporis
1012 507 1067 574 die
1103 509 1132 574 6.
1168 508 1250 573 Maii
1278 508 1361 573 1336
1386 508 1587 575 Benedictus
1610 509 1674 574 Xll.

183 611 406 698 promulgavit
422 613 697 679 constitutionem
718 613 866 690 „Circa
881 615 1200 681 confovendum
1214 623 1226 647 ‘⁴
1240 614 1266 700 2)
1283 613 1325 680 de
1342 616 1624 682 reservationibus
1642 617 1675 680 in

183 720 275 785 terris
300 719 503 786 Ecclesiae
527 719 736 792 Romanae.

286 841 412 910 Ultima
452 845 540 910 enirn
581 845 760 910 reservatio
799 844 841 910 de
881 844 978 912 dictis
1016 845 1187 911 territoriis
1227 864 1246 911 a
1282 845 1438 912 1011311113
1462 845 1555 911 XXII.
1591 846 1674 912 lacta

182 951 404 1034 exspiraverat
441 950 496 1017 die
543 951 570 1016 1.
605 951 679 1017 Jan.
719 951 813 1017 1336.
868 952 1012 1018 Decreto
1055 971 1135 1018 vero
1176 955 1463 1037 supramemorato
1503 952 1675 1025 Romanus

182 1057 337 1124 Pontifex
372 1057 420 1123 ad
453 1057 656 1123 biennium
693 1058 772 1123 sibi
798 1060 834 1124 et
858 1057 950 1124 Sedi
976 1056 1239 1143 Apostolicae
1263 1059 1441 1125 reservavit
1464 1059 1675 1143 provisiones

182 1164 528 1249 archiepiscopalium,
546 1164 801 1249 episcopalium,
819 1165 1069 1250 collegiatarum
1087 1165 1300 1231 ecclesiarum
1318 1184 1451 1232 necnon
1468 1166 1675 1232 abbatiarum

182 1273 478 1352 monasteriorum,
533 1272 737 1356 prioratuum
791 1271 1062 1337 conventualium
1117 1271 1316 1357 regularium
1371 1274 1403 1337 et
1456 1273 1674 1339 saecularium

183 1381 416 1463 exemplorum
442 1379 512 1443 sive
536 1396 606 1443 non
623 1380 854 1463 exemplorum
872 1378 1087 1444 electivorum
1108 1378 1234 1456 „inira
1254 1381 1379 1445 terras
1396 1377 1459 1464 (sc.
1478 1379 1676 1452 Romanae

183 1484 403 1570 Ecclesiae)
454 1485 764 1551 consistentium
812 1503 915 1552 nunc
972 1485 1197 1551 vacantium
1247 1485 1310 1551 vel
1356 1488 1675 1566 vacaturorum“,

184 1590 363 1656 eximendo
398 1592 509 1657 tamen
545 1610 563 1657 a
599 1591 686 1658 dicta
725 1591 948 1657 reservatione
987 1592 1190 1658 monasteria
1229 1592 1427 1659 monialium
1468 1595 1500 1658 et
1537 1592 1675 1658 aliarum

185 1697 415 1781 religiosarum
440 1698 615 1764 muliemm
640 1700 739 1784 atque
763 1698 921 1764 ecclesias
944 1698 997 1764 vel
1021 1699 1196 1783 prioratus
1227 1716 1370 1783 quorum
1400 1698 1548 1764 redditus
1573 1699 1676 1764 annui

186 1821 352 1870 summam
379 1805 623 1889 qulnquaginta
646 1805 850 1870 florenorum
876 1805 945 1871 auri
970 1822 1040 1870 non
1065 1804 1278 1871 excedebant.

288 1928 384 2008 Quae
436 1929 615 1995 reservatio
661 1947 737 1995 cum
785 1928 838 1995 die
886 1930 915 1995 6.
962 1929 1043 1995 11311
1094 1930 1177 1995 1338
1236 1930 1301 1996 iam
1356 1930 1567 2015 exspirasset,
1622 1928 1676 1995 die

185 2034 216 2099 2.
239 2033 331 2100 Junii
358 2034 475 2121 13393)
500 2035 667 2120 praelatus
684 2035 857 2109 Romanus
878 2034 1034 2101 Pontilex
1058 2036 1091 2101 in
1115 2036 1222 2102 iorma
1238 2054 1365 2102 novae
1389 2036 1677 2102 reservationis

185 2159 254 2206 non
284 2142 535 2225 prorogationis
570 2141 692 2208 eodem
722 2141 826 2208 modo
852 2161 889 2209 ac
912 2142 1019 2208 torma
1043 2141 1179 2208 easdem
1204 2142 1362 2208 ecclesias
1394 2141 1436 2207 ad
1461 2142 1676 2208 secundum

186 2245 392 2312 biennium
423 2247 443 2313 l.
469 2266 498 2313 e.
523 2266 632 2333 usque
657 2247 698 2314 ad
722 2249 753 2314 2.
777 2249 869 2315 lunii
897 2249 976 2314 1341
1005 2249 1078 2314 sine
1102 2249 1425 2314 commemoratione
1448 2247 1677 2334 praecedentis

187 2353 421 2419 reservationis
434 2354 571 2420 ulterius
585 2356 771 2421 reservavit.
809 2354 1112 2441 Appropinquante
1125 2355 1267 2421 termino
1281 2354 1432 2422 eiusdem
1444 2356 1678 2422 reservationis

187 2459 277 2526 illam
302 2460 442 2526 iterum
468 2460 510 2528 ad
534 2462 740 2527 biennium
765 2462 998 2548 prorogavit.4)

250 2708 272 2777 1)
292 2708 332 2762 Ex
364 2709 587 2764 constitutionum
619 2711 758 2766 Benedicti
791 2712 844 2766 Xll.
877 2713 1087 2767 reservationem
1119 2712 1314 2768 beneficiorum
1343 2714 1548 2784 generaliter
1575 2715 1679 2768 tantum

187 2798 378 2868 allingentium
397 2815 511 2855 numero
529 2799 697 2869 proterantur
715 2802 795 2855 etiam
815 2802 976 2870 sequentes:

298 2887 473 2955 ,Declaratio,
502 2888 576 2958 quod
604 2891 800 2944 reservationes
828 2905 876 2959 per
903 2889 1043 2944 dominum
1068 2890 1220 2945 iohannem
1246 2891 1347 2960 Papam
1366 2891 1451 2945 iactae
1483 2906 1538 2945 non
1572 2889 1679 2945 luerunt

188 2978 352 3032 revocatae.“

296 3065 365 3122 Cod.
384 3066 415 3120 B.
434 3067 480 3121 iol.
499 3067 614 3123 80-81.

296 3155 364 3211 Cod.
382 3155 416 3211 V.
435 3155 481 3210 101.
501 3155 543 3212 73.

296 3245 324 3299 P.
342 3244 397 3299 Vll.
417 3243 453 3298 110
473 3245 514 3299 17.
600 3250 603 3255 “

295 3334 438 3388 Decretum
474 3337 541 3388 circa
579 3335 777 3389 revocationem
806 3334 1027 3389 commendatum
1063 3334 1144 3403 (1335
1173 3335 1239 3389 Maii
1267 3335 1319 3404 18),
1349 3334 1423 3403 quod
1453 3336 1547 3404 incipit
1580 3334 1681 3403 ,Super

189 3428 325 3494 gregem.“

297 3512 361 3582 Reg.
380 3512 468 3566 Aven.
488 3511 590 3567 Bened.
609 3512 661 3566 XII.
680 3514 699 3567 t.
721 3514 743 3566 l.
762 3511 808 3567 101.
827 3512 934 3567 376110
953 3513 996 3568 34.

297 3599 365 3656 Cod.
384 3600 414 3654 B.
434 3599 480 3656 tol.
499 3598 585 3667 9610,
603 3601 646 3656 97.

297 3688 365 3743 Cod.
385 3689 418 3744 V.
437 3688 483 3743 iol.
504 3690 547 3745 73.

297 3778 414 3833 Daumet
432 3779 449 3833 l.
469 3794 491 3832 c.
511 3777 546 3833 n⁰
563 3778 598 3834 57
617 3780 688 3848 (sine
707 3779 817 3848 verbis).

296 3867 325 3922 P.
345 3868 398 3922 Vll.
418 3865 453 3920 n⁰
474 3867 513 3922 18.

299 3956 462 4030 constitutio
478 3957 857 4026 ,3110311111311106111ἰεί111110ι
874 3956 954 4025 (1335
968 3957 1032 4011 Dec.
1049 3957 1092 4026 18)
1105 3972 1142 4011 sc.
1153 3957 1298 4018 Revocatio
1311 3959 1456 4027 gratiarum
1472 3956 1678 4026 generalium

190 4047 217 4100 et
235 4047 346 4101 aliarum
365 4046 597 4116 exspectationum
616 4061 664 4115 per
682 4045 919 4115 praedecessorem
938 4045 1090 4100 laetarum.“

297 4135 363 4206 Reg.
382 4135 469 4189 Aven.
489 4136 507 4189 t.
529 4135 551 4189 l.
571 4134 617 4188 101.
637 4133 726 4190 37610
744 4132 841 4189 n⁰35.

298 4223 367 4278 Cod.
387 4224 417 4278 Β.
437 4223 482 4278 101.
502 4223 617 4278 94-97.

299 4312 368 4368 Cod.
389 4313 421 4367 V.
441 4312 486 4366 iol.
507 4312 621 4367 81-82.

298 4402 415 4456 Daumet
434 4402 450 4456 l.
471 4417 492 4455 c.
512 4399 548 4454 n⁰
567 4401 617 4456 129
637 4403 707 4470 (sine
725 4401 836 4470 verbis).

299 4491 327 4544 P.
347 4491 401 4545 Vll.
421 4489 458 4544 n⁰
478 4491 518 4545 19.

254 4598 276 4668 ²)
296 4599 361 4670 Reg.
380 4599 439 4654 Vat.
458 4600 477 4653 t.
498 4599 545 4653 131
568 4613 610 4668 ep.
632 4596 682 4652 103
701 4595 746 4650 101.
765 4596 808 4651 32.

301 4687 370 4743 Cod.
390 4688 420 4742 B.
440 4686 485 4743 iol.
506 4688 548 4743 81.

301 4776 371 4833 Cod.
391 4777 423 4831 V.
443 4776 489 4831 iol.
509 4773 583 4831 7310
602 4776 642 4844 (ll.
661 4776 732 4830 Non.
751 4774 828 4829 Febr.
836 4775 862 4843 t).

299 4865 417 4920 Daumet
436 4865 452 4919 l.
472 4880 494 4919 c.
514 4864 551 4919 n⁰
571 4864 621 4918 177
640 4865 711 4933 (sine
729 4863 839 4932 verbis).

300 4956 329 5010 P.
349 4954 403 5009 Vll.
423 4953 519 5009 11020.

300 5044 340 5100 Ci.
361 5043 492 5098 11313131.
513 5058 535 5097 c.
555 5058 581 5111 p.
600 5041 654 5098 586
672 5058 713 5112 sq.

196 5159 200 5165 “
255 5155 278 5224 3)
298 5153 366 5208 Cod.
385 5152 415 5206 B.
435 5149 481 5204 101.
501 5150 535 5205 32
554 5149 815 5217 (,Α11311(1311133
835 5148 968 5219 quod¹).

300 5241 369 5296 Cod.
389 5241 421 5294 V.
440 5239 486 5293 fol.
506 5239 548 5292 74.

255 5331 278 5400 ⁴)
298 5330 339 5386 Cl.
358 5329 476 5384 Daumet
493 5328 511 5382 l.
531 5343 553 5382 c.
572 5324 677 5383 110847
697 5327 836 5396 (‚Dudum
856 5328 979 5399 diligenti
998 5328 1210 5396 meditatione“).
