1023 1631
502 160 523 176 37

140 212 283 230 cathedralium
298 216 376 229 necnon
390 212 559 229 monasteriorum
575 212 710 233 quorumlibet
721 213 856 234 exemptorum
869 213 888 229 et

141 244 180 256 nun
186 239 330 260 exemptarum,
339 239 454 260 praeterquam
462 239 562 255 monialium
571 239 587 255 et
593 239 663 255 aliorum
671 239 786 260 religiosarum
794 239 887 259 mulierum,

141 266 162 282 nd
174 270 253 287 praesens
265 266 359 282 vacantium
371 265 387 282 et
399 265 415 282 in
428 265 477 282 antea
488 266 609 282 vacaturorum.

192 292 258 309 Deinde
273 292 300 309 die
314 292 329 308 5.
343 292 384 308 Maii
400 292 457 313 15431)
472 292 541 313 propter
557 292 640 312 „statum
659 292 793 309 miserabilem
809 292 887 309 insulae

140 319 233 336 Siciliae‘
242 319 363 335 nonnullorum
372 318 521 340 praedecessorum
530 323 599 335 suorum
608 319 684 340 vestigiis
692 319 780 335 inhaerens
789 319 829 340 quin
837 319 887 335 etiam

140 346 229 367 longiusin
236 346 267 362 hac
272 346 317 367 parte
322 345 437 367 progrediens,
442 345 549 366 provisiones
555 350 590 362 non
597 345 649 362 modo
657 345 762 362 ecclesiarum
769 346 887 362 cathedralium

140 372 170 389 sed
193 373 242 389 etiarn
270 372 446 393 collegiatarum,
473 372 585 392 abbatiarum,
612 372 761 392 monasteriorum,
785 372 887 393 prioratuum

139 399 275 416 conventualium
287 399 388 420 regularium
401 399 416 415 et
430 399 545 418 saecularium,
561 399 675 420 exemptorum
692 399 708 415 et
721 403 756 415 non
771 400 887 420 exemptorum

140 430 185 442 nunc
198 426 292 442 vacantium
304 426 320 442 et
332 426 348 442 in
360 426 408 442 antea
422 426 538 442 vacaturorum
551 425 592 441 inira
604 425 664 442 dictam
675 425 746 442 insulam
759 426 886 442 consistentium

140 453 157 469 in
171 453 232 473 quovis
244 452 335 469 vacationis
347 457 387 469 casu
399 452 419 468 ad
431 452 535 468 biennium
548 457 557 468 a
569 452 596 468 die
611 452 624 468 1.
638 452 683 468 Junii
698 457 711 468 e⁴
726 457 741 468 a,
754 452 887 473 computandum

140 479 193 495 modo
207 479 292 500 praedicto
306 479 400 495 reservavit.
424 478 462 499 Qua
474 479 491 495 in
510 479 622 495 reservatione
634 478 713 495 Clemens
725 479 750 495 VI.
769 479 849 500 provocat
866 479 887 495 ad

141 505 249 522 Benedictum
274 506 350 522 ultimum
374 510 423 522 suum
446 501 603 526 praedecessorem,
627 505 656 526 qui
678 505 776 522 huiusmodi
803 505 886 522 decretum

142 532 302 549 administrationem
314 532 397 553 praelatae
409 532 473 548 insulae
486 536 589 548 concernens
602 532 653 548 edidit
667 532 694 548 die
709 532 723 548 1.
737 532 783 548 Junii
796 532 836 548 1341
850 532 860 548 i.
872 537 887 548 e.

141 559 186 575 brevi
201 559 241 575 tunc
257 559 382 580 exspiratumm.
408 559 478 580 Insuper
489 558 583 575 notandum
598 559 628 578 est,
639 559 656 575 in
672 559 755 580 praedicta
768 559 887 575 constitutione

141 585 245 602 Clementina
264 585 344 602 contineri
363 585 464 605 clausulam,
487 585 534 606 quod
554 586 590 606 ipsa
614 585 634 602 ad
659 585 760 602 monasteria
783 586 886 605 monialium,

140 612 254 633 religiosarum
270 612 364 632 mulierum,
380 616 446 628 necnon
459 612 479 628 ad
494 612 574 628 ecclesias
586 612 613 628 vel
625 612 707 633 prioratus
719 617 753 628 non
767 612 887 628 conventuales

140 643 169 655 seu
189 643 260 659 quorum
280 638 342 655 fructus
361 639 412 655 annui
432 643 516 655 summam
536 638 658 660 quinquaginta
677 639 779 655 florenorum
799 639 833 655 auri
852 643 886 655 non

140 665 222 681 excedunt
234 665 304 681 minime
316 665 371 686 possit
383 665 455 681 extendi.

192 692 249 711 Porro,
257 696 295 708 cum
304 692 361 708 ultima
368 692 457 708 reservatio
466 692 483 708 in
491 691 539 708 terris
551 692 653 708 Ecclesiae
664 692 765 710 Romanae
776 692 855 708 subiectis
864 697 886 708 sc.

139 723 149 735 a
160 718 252 735 Benedicto
264 718 296 735 ΧΠ.
306 718 332 735 die
342 719 356 735 1.
365 718 410 735 Junii
420 718 462 735 1543
470 718 512 735 iacta
522 719 567 735 esset
574 719 681 739 exspiratura,
694 718 773 735 Clemens
781 718 807 735 VI.
816 718 886 735 eandem

139 745 171 762 sub
189 745 241 761 modo
259 746 275 761 et
292 745 345 761 forma
363 745 451 766 praedictis
471 750 501 766 per
521 745 664 764 constitutionem.
684 750 727 766 quae
745 745 802 766 incipit
824 745 887 764 „Inter

140 772 291 788 sollicitudines
302 772 396 793 varias·‘⁹)
408 772 435 788 die
448 772 463 788 5.
475 772 523 788 Maii
538 771 580 788 1543
592 772 693 793 prorogavit.

192 798 257 815 Eodem
270 798 322 815 modo
335 798 418 815 decretum
430 799 456 815 sui
469 798 603 820 praedecessoris
616 799 658 815 circa
667 798 772 815 affectionem
782 799 886 820 dignitatum,

139 826 277 847 praebendarum,
284 826 390 843 ecclesiarum
398 826 502 847 aliorumque
509 826 630 842 beneficiorum
637 826 730 842 vacantium
738 826 764 842 vel
771 827 886 843 vacaturorum

140 857 169 874 per
181 853 304 869 assecutionem
317 853 386 869 aliorum
398 853 520 869 beneficiorum
533 853 628 869 auctoritate
637 852 734 874 Apostolica
743 853 839 869 collatorum
849 858 886 869 cum

139 879 217 896 adiuncta
236 880 347 896 declaratione
368 879 412 896 idem
430 879 509 896 Clemens
522 879 548 895 VI.
568 879 595 895 die
613 879 639 895 22.
656 879 701 900 Sept.
719 879 761 895 1343
781 879 886 901 renovavit.³)

192 906 257 923 Diebus
273 911 312 923 vero
330 906 354 922 13.
371 907 387 922 et
403 906 427 922 14.
438 906 485 922 Febr.
497 906 539 922 1344
555 906 576 922 ab
588 906 649 922 eodem
662 905 738 924 Romano
751 906 831 922 Pontiiice
844 906 886 922 duae

140 933 233 954 publicatae
245 934 284 949 sunt
296 933 424 949 constitutiones
437 932 481 949 haud
494 933 540 953 parvi
553 932 634 949 momenti
646 937 668 949 sc.
678 933 694 948 in
707 933 765 953 prima,
778 937 821 953 quae
830 932 887 953 incipit

141 959 215 980 „Super
227 959 370 981 universas·⁴4),
383 960 421 980 post
430 959 541 975 narrationem
551 959 572 975 de
580 959 720 975 reservationibus
729 959 857 980 generalibus
869 959 886 975 in

139 986 276 1007 patriarchatibus
289 987 304 1002 et
316 986 406 1007 provinciis
419 986 486 1002 ltaliae
499 990 508 1002 a
519 986 597 1002 Johanne
605 986 651 1002 XXII.
664 986 680 1002 et
691 986 782 1002 Eenedicto
790 986 821 1002 XII.
834 986 886 1005 tactis.

139 1012 226 1029 discutitur
239 1013 321 1034 quaestio,
338 1017 358 1029 an
373 1013 466 1034 praedictae
481 1013 603 1029 reservationes
616 1012 704 1033 generales
716 1017 779 1033 usque
791 1012 814 1028 ad
827 1012 886 1028 bene-

139 1039 235 1060 placitum
248 1039 306 1056 Sedis
318 1039 447 1060 Apostolicae
456 1044 486 1060 per
493 1039 589 1055 =Iohannem
598 1039 644 1055 XXII.
653 1039 705 1055 iactae
713 1044 743 1060 per
751 1039 791 1055 alias
800 1039 886 1055 biennales

139 1067 155 1082 et
166 1066 267 1087 temporales
276 1066 398 1083 reservationes
410 1066 470 1082 luerint
482 1067 568 1082 revocatae
577 1075 598 1077 —
607 1065 628 1082 de
640 1070 673 1086 qua
685 1066 727 1082 thesi
740 1065 810 1082 diversis
822 1065 886 1082 vicibus

139 1097 195 1109 coram
213 1092 251 1113 ipso
264 1092 345 1109 Pontiiice
361 1092 391 1108 tuit
406 1092 515 1113 disputatum.
541 1092 604 1108 Eadem
619 1092 646 1108 die
662 1097 684 1108 sc,
702 1092 726 1108 13.
736 1092 783 1108 Febr,
796 1097 810 1108 e.
823 1097 837 1108 a.
850 1092 886 1113 ipse

139 1119 217 1136 Pontifex
237 1119 328 1141 praefatum
348 1119 418 1135 dubium
440 1119 519 1138 „minime
539 1118 648 1135 declarando'‘
666 1128 687 1130 -
702 1119 751 1138 certe,
771 1119 817 1139 quod
839 1118 885 1135 firma

171 1155 182 1171 ¹)
193 1154 225 1172 neg.
235 1155 265 1168 Vae⁴
276 1155 283 1168 ι.
294 1158 304 1168 c.
315 1154 337 1167 ini.
349 1154 386 1168 18t⁰
395 1154 413 1167 no
423 1154 443 1167 16.
462 1154 512 1170 (mum
524 1154 573 1167 statum
583 1154 691 1170 mlserabilem‘)

194 1176 215 1190 Cf⁴
225 1176 279 1194 Deprez
290 1177 297 1190 L
308 1180 318 1190 c.
328 1176 346 1190 nn
357 1176 381 1190 174
391 1177 426 1193 (sine
435 1176 489 1193 verbis).

192 1199 206 1212 1³.
216 1198 242 1212 ν11.
253 1199 271 1212 ιισ
280 1199 301 1212 31.

193 1221 240 1238 Magn.
250 1221 284 1234 nulii
294 1221 332 1236 Rom.
342 1221 350 1235 1,
360 1225 371 1234 c.
381 1224 394 1238 p.
404 1220 429 1234 467
440 1224 460 1238 sq.
479 1221 520 1237 (bur.
530 1221 567 1237 apud
577 1220 641 1238 Raynaid.
651 1220 668 1233 ari
678 1224 727 1233 annum
739 1220 772 1233 1343
782 1220 791 1237 ξ
800 1220 827 1237 8³.)

171 1243 182 1260 ἵ)
192 1243 224 1261 Reg.
234 1243 264 1256 νει.
274 1243 282 1256 1.
292 1247 303 1256 c.
313 1243 335 1256 toi.
347 1243 363 1256 19
373 1243 390 1256 nu
401 1243 420 1256 17.

194 1265 228 1279 emi.
238 1265 253 1278 Β.
263 1265 286 1278 toi.
297 1265 326 1278 131Δ

193 1287 227 1301 eod.
237 1287 253 1301 V.
262 1287 304 1301 931⁰⁴

193 1310 246 1327 Deprez
256 1309 264 1323 l,
274 1313 285 1323 c.
295 1309 314 1323 η’]
324 1309 349 1323 17³
360 1310 394 1326 (sine
403 1309 458 1326 verbis).

195 1332 229 1345 1343
239 1331 272 1345 Cala
282 1332 295 1345 di
306 1331 351 1346 menzt
361 1332 414 1349 legatus
423 1331 508 1345 Avanionem
519 1332 557 1345 venit
566 1331 616 1348 Papam
626 1331 705 1344 invitaturus
715 1330 732 1344 nd
742 1330 804 1344 reditum.

171 1354 182 1370 Β)
192 1353 226 1367 Cud.
237 1354 251 1367 E.
261 1353 284 1367 tol⁴
295 1353 368 1367 iaz—133.
388 1353 422 1367 Coti.
433 1353 448 1367 v,
458 1353 480 1367 tol.
490 1353 533 1367 93st
553 1353 622 1370 (Mucium
632 1357 657 1366 nos
667 1353 724 1369 cetur)

171 1376 182 1392 Ι)
193 1376 227 1389 (Μ,
237 1376 251 1389 Β.
262 1376 284 1389 tui.
296 1376 369 1389 12⁴³—1‘27⁴

193 1398 228 1411 Cod.
237 1398 253 1411 V.
264 1398 286 1411 toi.
296 1398 317 1412 91.

193 1420 207 1434 P.
217 1420 243 1434 Vll.
254 1420 271 1434 „u
280 1420 302 1434 32.
