<?xml version="1.0" encoding="UTF-8"?>
<!DOCTYPE html PUBLIC "-//W3C//DTD XHTML 1.0 Transitional//EN"
    "http://www.w3.org/TR/xhtml1/DTD/xhtml1-transitional.dtd">
<html xmlns="http://www.w3.org/1999/xhtml" xml:lang="en" lang="en">
 <head>
  <title>
</title>
<meta http-equiv="Content-Type" content="text/html;charset=utf-8" />
  <meta name='ocr-system' content='tesseract 3.04.00' />
  <meta name='ocr-capabilities' content='ocr_page ocr_carea ocr_par ocr_line ocrx_word'/>
</head>
<body>
  <div class='ocr_page' id='page_1' title='image "./constitutionuma00luxgoog/constitutionuma00luxgoog_0060.png"; bbox 0 0 3720 5932; ppageno 0'>
   <div class='ocr_carea' id='block_1_1' title="bbox 368 695 1474 778">
    <p class='ocr_par' dir='ltr' id='par_1_1' title="bbox 368 695 1474 778">
     <span class='ocr_line' id='line_1_1' title="bbox 368 695 1474 778; baseline 0.002 -5"><span class='ocrx_word' id='word_1_1' title='bbox 368 719 398 774; x_wconf 89' lang='lat' dir='ltr'>c.</span> <span class='ocrx_word' id='word_1_2' title='bbox 430 695 485 774; x_wconf 86' lang='lat' dir='ltr'>Ex</span> <span class='ocrx_word' id='word_1_3' title='bbox 513 695 652 776; x_wconf 88' lang='lat' dir='ltr'>debito.</span> <span class='ocrx_word' id='word_1_4' title='bbox 683 696 720 774; x_wconf 77' lang='grc'>4.</span> <span class='ocrx_word' id='word_1_5' title='bbox 750 696 798 775; x_wconf 94' lang='lat' dir='ltr'>de</span> <span class='ocrx_word' id='word_1_6' title='bbox 827 697 930 775; x_wconf 87' lang='lat' dir='ltr'>elect.</span> <span class='ocrx_word' id='word_1_7' title='bbox 959 701 997 774; x_wconf 94' lang='lat' dir='ltr'>in</span> <span class='ocrx_word' id='word_1_8' title='bbox 1026 697 1171 775; x_wconf 86' lang='lat' dir='ltr'>Extrav.</span> <span class='ocrx_word' id='word_1_9' title='bbox 1202 697 1354 778; x_wconf 89' lang='lat' dir='ltr'>Comm.</span> <span class='ocrx_word' id='word_1_10' title='bbox 1385 697 1407 776; x_wconf 88' lang='grc' dir='ltr'>Ι.</span> <span class='ocrx_word' id='word_1_11' title='bbox 1438 697 1474 776; x_wconf 85' lang='grc'>3.</span> 
     </span>
    </p>
   </div>
   <div class='ocr_carea' id='block_1_2' title="bbox 182 847 499 1013">
    <p class='ocr_par' dir='ltr' id='par_1_2' title="bbox 182 847 499 1013">
     <span class='ocr_line' id='line_1_2' title="bbox 182 847 499 910; baseline -0.003 0"><span class='ocrx_word' id='word_1_12' title='bbox 182 855 250 910; x_wconf 91' lang='lat' dir='ltr'>Cod.</span> <span class='ocrx_word' id='word_1_13' title='bbox 270 853 299 909; x_wconf 91' lang='lat' dir='ltr'>B.</span> <span class='ocrx_word' id='word_1_14' title='bbox 319 853 365 909; x_wconf 90' lang='lat' dir='ltr'>iol.</span> <span class='ocrx_word' id='word_1_15' title='bbox 385 847 499 909; x_wconf 57' lang='lat'>65-267.</span> 
     </span>
     <span class='ocr_line' id='line_1_3' title="bbox 182 942 481 1013; baseline -0.003 -14"><span class='ocrx_word' id='word_1_16' title='bbox 182 943 250 999; x_wconf 86' lang='lat' dir='ltr'>God.</span> <span class='ocrx_word' id='word_1_17' title='bbox 269 944 302 998; x_wconf 94' lang='lat' dir='ltr'>V.</span> <span class='ocrx_word' id='word_1_18' title='bbox 321 942 368 998; x_wconf 91' lang='lat' dir='ltr'>fol.</span> <span class='ocrx_word' id='word_1_19' title='bbox 387 943 421 996; x_wconf 88' lang='lat'>68</span> <span class='ocrx_word' id='word_1_20' title='bbox 440 958 481 1013; x_wconf 93' lang='lat' dir='ltr'>sq.</span> 
     </span>
    </p>
   </div>
   <div class='ocr_carea' id='block_1_3' title="bbox 180 1120 1693 3767">
    <p class='ocr_par' dir='ltr' id='par_1_3' title="bbox 180 1120 1693 3767">
     <span class='ocr_line' id='line_1_4' title="bbox 271 1120 1672 1209; baseline 0 -21"><span class='ocrx_word' id='word_1_21' title='bbox 271 1123 324 1188; x_wconf 85' lang='lat' dir='ltr'>Ex</span> <span class='ocrx_word' id='word_1_22' title='bbox 356 1120 525 1209; x_wconf 79' lang='lat' dir='ltr'>debito1)</span> <span class='ocrx_word' id='word_1_23' title='bbox 564 1123 740 1208; x_wconf 90' lang='lat' dir='ltr'>pastoralis</span> <span class='ocrx_word' id='word_1_24' title='bbox 779 1122 891 1202; x_wconf 93' lang='lat' dir='ltr'>officii,</span> <span class='ocrx_word' id='word_1_25' title='bbox 929 1124 1028 1190; x_wconf 91' lang='lat' dir='ltr'>nobis</span> <span class='ocrx_word' id='word_1_26' title='bbox 1068 1141 1274 1208; x_wconf 89' lang='lat' dir='ltr'>quamquam</span> <span class='ocrx_word' id='word_1_27' title='bbox 1314 1123 1487 1190; x_wconf 92' lang='lat' dir='ltr'>immeritis</span> <span class='ocrx_word' id='word_1_28' title='bbox 1527 1142 1672 1208; x_wconf 93' lang='lat' dir='ltr'>superna</span> 
     </span>
     <span class='ocr_line' id='line_1_5' title="bbox 181 1229 1671 1314; baseline -0.001 -18"><span class='ocrx_word' id='word_1_29' title='bbox 181 1229 406 1314; x_wconf 81' lang='lat' dir='ltr'>dispositione</span> <span class='ocrx_word' id='word_1_30' title='bbox 431 1229 613 1309; x_wconf 86' lang='lat' dir='ltr'>commissi,</span> <span class='ocrx_word' id='word_1_31' title='bbox 649 1229 804 1313; x_wconf 92' lang='lat' dir='ltr'>periculis</span> <span class='ocrx_word' id='word_1_32' title='bbox 829 1231 1013 1296; x_wconf 91' lang='lat' dir='ltr'>animarum</span> <span class='ocrx_word' id='word_1_33' title='bbox 1040 1233 1072 1296; x_wconf 88' lang='lat' dir='ltr'>et</span> <span class='ocrx_word' id='word_1_34' title='bbox 1095 1229 1308 1296; x_wconf 89' lang='lat' dir='ltr'>ecclesiarum</span> <span class='ocrx_word' id='word_1_35' title='bbox 1333 1248 1370 1295; x_wconf 89' lang='lat' dir='ltr'>ac</span> <span class='ocrx_word' id='word_1_36' title='bbox 1394 1230 1671 1296; x_wconf 80' lang='lat' dir='ltr'>monasteriorum</span> 
     </span>
     <span class='ocr_line' id='line_1_6' title="bbox 181 1335 1672 1421; baseline 0 -19"><span class='ocrx_word' id='word_1_37' title='bbox 181 1335 379 1420; x_wconf 89' lang='lat' dir='ltr'>dispendiis,</span> <span class='ocrx_word' id='word_1_38' title='bbox 417 1353 503 1419; x_wconf 88' lang='lat' dir='ltr'>quae</span> <span class='ocrx_word' id='word_1_39' title='bbox 538 1336 583 1401; x_wconf 93' lang='lat' dir='ltr'>ob</span> <span class='ocrx_word' id='word_1_40' title='bbox 619 1336 768 1420; x_wconf 94' lang='lat' dir='ltr'>ipsorum</span> <span class='ocrx_word' id='word_1_41' title='bbox 801 1336 993 1403; x_wconf 90' lang='lat' dir='ltr'>vacationes</span> <span class='ocrx_word' id='word_1_42' title='bbox 1029 1335 1175 1402; x_wconf 89' lang='lat' dir='ltr'>diutinas</span> <span class='ocrx_word' id='word_1_43' title='bbox 1208 1337 1291 1421; x_wconf 91' lang='lat' dir='ltr'>ipsis</span> <span class='ocrx_word' id='word_1_44' title='bbox 1328 1336 1437 1402; x_wconf 78' lang='lat' dir='ltr'>solent</span> <span class='ocrx_word' id='word_1_45' title='bbox 1465 1337 1672 1421; x_wconf 91' lang='lat' dir='ltr'>frequentius</span> 
     </span>
     <span class='ocr_line' id='line_1_7' title="bbox 181 1441 1672 1529; baseline 0 -22"><span class='ocrx_word' id='word_1_46' title='bbox 181 1443 367 1527; x_wconf 88' lang='lat' dir='ltr'>provenire,</span> <span class='ocrx_word' id='word_1_47' title='bbox 402 1443 560 1527; x_wconf 87' lang='lat' dir='ltr'>congruis</span> <span class='ocrx_word' id='word_1_48' title='bbox 584 1442 749 1523; x_wconf 89' lang='lat' dir='ltr'>remediis,</span> <span class='ocrx_word' id='word_1_49' title='bbox 775 1441 951 1527; x_wconf 84' lang='lat' dir='ltr'>(quantum</span> <span class='ocrx_word' id='word_1_50' title='bbox 976 1444 1076 1510; x_wconf 91' lang='lat' dir='ltr'>nobis</span> <span class='ocrx_word' id='word_1_51' title='bbox 1101 1443 1231 1510; x_wconf 89' lang='lat' dir='ltr'>exalto</span> <span class='ocrx_word' id='word_1_52' title='bbox 1256 1442 1472 1529; x_wconf 73' lang='lat' dir='ltr'>conceditur)</span> <span class='ocrx_word' id='word_1_53' title='bbox 1497 1443 1672 1509; x_wconf 87' lang='lat' dir='ltr'>salubriter</span> 
     </span>
     <span class='ocr_line' id='line_1_8' title="bbox 182 1548 1672 1635; baseline 0.001 -21"><span class='ocrx_word' id='word_1_54' title='bbox 182 1564 351 1615; x_wconf 91' lang='lat' dir='ltr'>occurrere</span> <span class='ocrx_word' id='word_1_55' title='bbox 398 1548 623 1628; x_wconf 88' lang='lat' dir='ltr'>intendentes,</span> <span class='ocrx_word' id='word_1_56' title='bbox 671 1552 707 1614; x_wconf 95' lang='lat' dir='ltr'>ut</span> <span class='ocrx_word' id='word_1_57' title='bbox 751 1550 889 1616; x_wconf 91' lang='lat' dir='ltr'>celerius</span> <span class='ocrx_word' id='word_1_58' title='bbox 936 1552 968 1616; x_wconf 98' lang='lat' dir='ltr'>et</span> <span class='ocrx_word' id='word_1_59' title='bbox 997 1550 1120 1615; x_wconf 87' lang='lat' dir='ltr'>utilius</span> <span class='ocrx_word' id='word_1_60' title='bbox 1164 1549 1377 1635; x_wconf 88' lang='lat' dir='ltr'>provideatur</span> <span class='ocrx_word' id='word_1_61' title='bbox 1414 1549 1563 1615; x_wconf 90' lang='lat' dir='ltr'>ecclesiis</span> <span class='ocrx_word' id='word_1_62' title='bbox 1603 1551 1672 1631; x_wconf 79' lang='lat' dir='ltr'>ac2)</span> 
     </span>
     <span class='ocr_line' id='line_1_9' title="bbox 183 1654 1672 1741; baseline 0.001 -22"><span class='ocrx_word' id='word_1_63' title='bbox 183 1655 393 1720; x_wconf 88' lang='lat' dir='ltr'>monasteriis</span> <span class='ocrx_word' id='word_1_64' title='bbox 418 1657 493 1721; x_wconf 89' lang='lat' dir='ltr'>ante</span> <span class='ocrx_word' id='word_1_65' title='bbox 518 1654 623 1735; x_wconf 91' lang='lat' dir='ltr'>dictis,</span> <span class='ocrx_word' id='word_1_66' title='bbox 653 1657 685 1721; x_wconf 91' lang='lat' dir='ltr'>et</span> <span class='ocrx_word' id='word_1_67' title='bbox 713 1658 749 1721; x_wconf 94' lang='lat' dir='ltr'>ut</span> <span class='ocrx_word' id='word_1_68' title='bbox 772 1656 943 1730; x_wconf 86' lang='lat' dir='ltr'>Romanae</span> <span class='ocrx_word' id='word_1_69' title='bbox 967 1657 1137 1736; x_wconf 90' lang='lat' dir='ltr'>ecclesiae,</span> <span class='ocrx_word' id='word_1_70' title='bbox 1163 1674 1249 1741; x_wconf 92' lang='lat' dir='ltr'>quae</span> <span class='ocrx_word' id='word_1_71' title='bbox 1274 1674 1375 1741; x_wconf 91' lang='lat' dir='ltr'>super</span> <span class='ocrx_word' id='word_1_72' title='bbox 1398 1656 1490 1741; x_wconf 90' lang='lat' dir='ltr'>ipsas</span> <span class='ocrx_word' id='word_1_73' title='bbox 1514 1655 1672 1721; x_wconf 88' lang='lat' dir='ltr'>ecclesias</span> 
     </span>
     <span class='ocr_line' id='line_1_10' title="bbox 183 1761 1671 1848; baseline 0 -22"><span class='ocrx_word' id='word_1_74' title='bbox 183 1761 255 1847; x_wconf 66' lang='lat' dir='ltr'>aci)</span> <span class='ocrx_word' id='word_1_75' title='bbox 291 1763 492 1829; x_wconf 92' lang='lat' dir='ltr'>monasteria</span> <span class='ocrx_word' id='word_1_76' title='bbox 527 1780 568 1828; x_wconf 86' lang='lat' dir='ltr'>ex</span> <span class='ocrx_word' id='word_1_77' title='bbox 602 1762 715 1829; x_wconf 89' lang='lat' dir='ltr'>divina</span> <span class='ocrx_word' id='word_1_78' title='bbox 739 1764 932 1848; x_wconf 92' lang='lat' dir='ltr'>provisione</span> <span class='ocrx_word' id='word_1_79' title='bbox 972 1764 1122 1846; x_wconf 81' lang='lat' dir='ltr'>obtinere</span> <span class='ocrx_word' id='word_1_80' title='bbox 1159 1762 1399 1848; x_wconf 79' lang='lat' dir='ltr'>dignoscitur4)</span> <span class='ocrx_word' id='word_1_81' title='bbox 1439 1762 1671 1847; x_wconf 88' lang='lat' dir='ltr'>principatum,</span> 
     </span>
     <span class='ocr_line' id='line_1_11' title="bbox 184 1868 1671 1957; baseline 0.001 -25"><span class='ocrx_word' id='word_1_82' title='bbox 184 1868 291 1934; x_wconf 90' lang='lat' dir='ltr'>honor</span> <span class='ocrx_word' id='word_1_83' title='bbox 303 1868 435 1934; x_wconf 88' lang='lat' dir='ltr'>debitus</span> <span class='ocrx_word' id='word_1_84' title='bbox 449 1868 668 1953; x_wconf 88' lang='lat' dir='ltr'>impendatur,</span> <span class='ocrx_word' id='word_1_85' title='bbox 683 1869 1007 1957; x_wconf 77' lang='lat' dir='ltr'>praedecessorum5)</span> <span class='ocrx_word' id='word_1_86' title='bbox 1021 1873 1210 1937; x_wconf 88' lang='lat' dir='ltr'>nostrorum</span> <span class='ocrx_word' id='word_1_87' title='bbox 1224 1869 1451 1942; x_wconf 86' lang='lat' dir='ltr'>Romanorum</span> <span class='ocrx_word' id='word_1_88' title='bbox 1460 1868 1671 1947; x_wconf 80' lang='lat' dir='ltr'>Pontificum,</span> 
     </span>
     <span class='ocr_line' id='line_1_12' title="bbox 184 1975 1671 2062; baseline 0.002 -24"><span class='ocrx_word' id='word_1_89' title='bbox 184 1976 375 2059; x_wconf 91' lang='lat' dir='ltr'>praesertim</span> <span class='ocrx_word' id='word_1_90' title='bbox 407 1975 511 2040; x_wconf 91' lang='lat' dir='ltr'>felicis</span> <span class='ocrx_word' id='word_1_91' title='bbox 550 1976 788 2043; x_wconf 89' lang='lat' dir='ltr'>recordationis</span> <span class='ocrx_word' id='word_1_92' title='bbox 824 1976 986 2042; x_wconf 88' lang='lat' dir='ltr'>Bonifacii</span> <span class='ocrx_word' id='word_1_93' title='bbox 1018 1977 1106 2056; x_wconf 86' lang='lat' dir='ltr'>Vlll,</span> <span class='ocrx_word' id='word_1_94' title='bbox 1142 1977 1199 2062; x_wconf 88' lang='lat' dir='ltr'>qui</span> <span class='ocrx_word' id='word_1_95' title='bbox 1235 1976 1426 2062; x_wconf 83' lang='lat' dir='ltr'>dignitates,</span> <span class='ocrx_word' id='word_1_96' title='bbox 1462 1978 1671 2060; x_wconf 88' lang='lat' dir='ltr'>personatus,</span> 
     </span>
     <span class='ocr_line' id='line_1_13' title="bbox 184 2080 1672 2168; baseline 0.001 -22"><span class='ocrx_word' id='word_1_97' title='bbox 184 2080 339 2147; x_wconf 88' lang='lat' dir='ltr'>ecclesias</span> <span class='ocrx_word' id='word_1_98' title='bbox 365 2084 396 2146; x_wconf 88' lang='lat' dir='ltr'>et</span> <span class='ocrx_word' id='word_1_99' title='bbox 420 2081 518 2168; x_wconf 70' lang='lat' dir='ltr'>aliass)</span> <span class='ocrx_word' id='word_1_100' title='bbox 543 2083 766 2149; x_wconf 92' lang='lat' dir='ltr'>ecclesiastica</span> <span class='ocrx_word' id='word_1_101' title='bbox 790 2083 955 2150; x_wconf 89' lang='lat' dir='ltr'>beneficia</span> <span class='ocrx_word' id='word_1_102' title='bbox 974 2085 1007 2149; x_wconf 92' lang='lat' dir='ltr'>et</span> <span class='ocrx_word' id='word_1_103' title='bbox 1028 2083 1213 2150; x_wconf 88' lang='lat' dir='ltr'>Clementis</span> <span class='ocrx_word' id='word_1_104' title='bbox 1228 2083 1278 2162; x_wconf 91' lang='lat' dir='ltr'>V.,</span> <span class='ocrx_word' id='word_1_105' title='bbox 1304 2084 1361 2168; x_wconf 93' lang='lat' dir='ltr'>qui</span> <span class='ocrx_word' id='word_1_106' title='bbox 1385 2085 1453 2149; x_wconf 90' lang='lat' dir='ltr'>tam</span> <span class='ocrx_word' id='word_1_107' title='bbox 1478 2080 1672 2148; x_wconf 93' lang='lat' dir='ltr'>huiusmodi</span> 
     </span>
     <span class='ocr_line' id='line_1_14' title="bbox 183 2187 1671 2274; baseline 0.002 -23"><span class='ocrx_word' id='word_1_108' title='bbox 183 2187 372 2272; x_wconf 86' lang='lat' dir='ltr'>dignitates,</span> <span class='ocrx_word' id='word_1_109' title='bbox 390 2191 599 2272; x_wconf 89' lang='lat' dir='ltr'>personatus,</span> <span class='ocrx_word' id='word_1_110' title='bbox 617 2190 785 2268; x_wconf 91' lang='lat' dir='ltr'>ecclesias,</span> <span class='ocrx_word' id='word_1_111' title='bbox 803 2190 977 2269; x_wconf 86' lang='lat' dir='ltr'>beneficia,</span> <span class='ocrx_word' id='word_1_112' title='bbox 991 2209 1091 2274; x_wconf 87' lang='lat' dir='ltr'>quam</span> <span class='ocrx_word' id='word_1_113' title='bbox 1106 2189 1310 2256; x_wconf 88' lang='lat' dir='ltr'>cathedrales</span> <span class='ocrx_word' id='word_1_114' title='bbox 1325 2190 1482 2256; x_wconf 90' lang='lat' dir='ltr'>ecclesias</span> <span class='ocrx_word' id='word_1_115' title='bbox 1496 2188 1671 2274; x_wconf 88' lang='lat' dir='ltr'>quaslibet,</span> 
     </span>
     <span class='ocr_line' id='line_1_15' title="bbox 182 2294 1672 2381; baseline 0.002 -23"><span class='ocrx_word' id='word_1_116' title='bbox 182 2295 393 2372; x_wconf 88' lang='lat' dir='ltr'>monasteria,</span> <span class='ocrx_word' id='word_1_117' title='bbox 430 2295 605 2380; x_wconf 89' lang='lat' dir='ltr'>prioratus,</span> <span class='ocrx_word' id='word_1_118' title='bbox 645 2295 953 2362; x_wconf 85' lang='lat' dir='ltr'>administrationes</span> <span class='ocrx_word' id='word_1_119' title='bbox 990 2298 1021 2363; x_wconf 90' lang='lat' dir='ltr'>et</span> <span class='ocrx_word' id='word_1_120' title='bbox 1056 2297 1166 2362; x_wconf 89' lang='lat' dir='ltr'>officia</span> <span class='ocrx_word' id='word_1_121' title='bbox 1203 2314 1434 2381; x_wconf 88' lang='lat' dir='ltr'>quaecunque,</span> <span class='ocrx_word' id='word_1_122' title='bbox 1471 2314 1558 2381; x_wconf 91' lang='lat' dir='ltr'>quae</span> <span class='ocrx_word' id='word_1_123' title='bbox 1582 2294 1672 2381; x_wconf 89' lang='lat' dir='ltr'>apud</span> 
     </span>
     <span class='ocr_line' id='line_1_16' title="bbox 182 2400 1672 2494; baseline 0.002 -30"><span class='ocrx_word' id='word_1_124' title='bbox 182 2400 296 2465; x_wconf 88' lang='lat' dir='ltr'>sedem</span> <span class='ocrx_word' id='word_1_125' title='bbox 332 2403 551 2486; x_wconf 90' lang='lat' dir='ltr'>apostolicam</span> <span class='ocrx_word' id='word_1_126' title='bbox 591 2404 754 2494; x_wconf 77' lang='lat' dir='ltr'>vacarent,</span> <span class='ocrx_word' id='word_1_127' title='bbox 795 2403 980 2487; x_wconf 90' lang='lat' dir='ltr'>provisioni</span> <span class='ocrx_word' id='word_1_128' title='bbox 1020 2403 1225 2488; x_wconf 88' lang='lat' dir='ltr'>apostolicae</span> <span class='ocrx_word' id='word_1_129' title='bbox 1266 2404 1328 2469; x_wconf 92' lang='lat' dir='ltr'>sub</span> <span class='ocrx_word' id='word_1_130' title='bbox 1367 2404 1464 2469; x_wconf 86' lang='lat' dir='ltr'>certis</span> <span class='ocrx_word' id='word_1_131' title='bbox 1499 2402 1672 2468; x_wconf 92' lang='lat' dir='ltr'>tenoribus</span> 
     </span>
     <span class='ocr_line' id='line_1_17' title="bbox 180 2508 1672 2595; baseline 0.003 -25"><span class='ocrx_word' id='word_1_132' title='bbox 180 2511 438 2587; x_wconf 88' lang='lat' dir='ltr'>reservaverunt,</span> <span class='ocrx_word' id='word_1_133' title='bbox 462 2510 614 2595; x_wconf 90' lang='lat' dir='ltr'>vestigiis</span> <span class='ocrx_word' id='word_1_134' title='bbox 639 2509 860 2587; x_wconf 91' lang='lat' dir='ltr'>inhaerentes,</span> <span class='ocrx_word' id='word_1_135' title='bbox 886 2527 949 2574; x_wconf 91' lang='lat' dir='ltr'>nos</span> <span class='ocrx_word' id='word_1_136' title='bbox 974 2528 1015 2574; x_wconf 86' lang='lat' dir='ltr'>ex</span> <span class='ocrx_word' id='word_1_137' title='bbox 1038 2510 1147 2575; x_wconf 90' lang='lat' dir='ltr'>causis</span> <span class='ocrx_word' id='word_1_138' title='bbox 1172 2509 1437 2588; x_wconf 89' lang='lat' dir='ltr'>rationabilibus,</span> <span class='ocrx_word' id='word_1_139' title='bbox 1463 2527 1548 2593; x_wconf 91' lang='lat' dir='ltr'>quae</span> <span class='ocrx_word' id='word_1_140' title='bbox 1573 2508 1614 2573; x_wconf 89' lang='lat' dir='ltr'>ad</span> <span class='ocrx_word' id='word_1_141' title='bbox 1639 2508 1672 2574; x_wconf 96' lang='lat' dir='ltr'>id</span> 
     </span>
     <span class='ocr_line' id='line_1_18' title="bbox 181 2614 1672 2693; baseline 0.001 -14"><span class='ocrx_word' id='word_1_142' title='bbox 181 2616 331 2680; x_wconf 91' lang='lat' dir='ltr'>nostrum</span> <span class='ocrx_word' id='word_1_143' title='bbox 379 2616 527 2681; x_wconf 91' lang='lat' dir='ltr'>animum</span> <span class='ocrx_word' id='word_1_144' title='bbox 576 2616 787 2693; x_wconf 84' lang='lat' dir='ltr'>induxerunt,</span> <span class='ocrx_word' id='word_1_145' title='bbox 835 2615 876 2681; x_wconf 92' lang='lat' dir='ltr'>de</span> <span class='ocrx_word' id='word_1_146' title='bbox 910 2616 1044 2681; x_wconf 79' lang='lat' dir='ltr'>fratrum</span> <span class='ocrx_word' id='word_1_147' title='bbox 1084 2618 1274 2682; x_wconf 93' lang='lat' dir='ltr'>nostrorum</span> <span class='ocrx_word' id='word_1_148' title='bbox 1321 2615 1463 2680; x_wconf 91' lang='lat' dir='ltr'>consilio</span> <span class='ocrx_word' id='word_1_149' title='bbox 1511 2614 1672 2681; x_wconf 90' lang='lat' dir='ltr'>nonnulla</span> 
     </span>
     <span class='ocr_line' id='line_1_19' title="bbox 181 2719 1674 2808; baseline 0.001 -23"><span class='ocrx_word' id='word_1_150' title='bbox 181 2720 397 2796; x_wconf 87' lang='lat' dir='ltr'>detrahendo,</span> <span class='ocrx_word' id='word_1_151' title='bbox 423 2723 534 2808; x_wconf 88' lang='lat' dir='ltr'>aliqua</span> <span class='ocrx_word' id='word_1_152' title='bbox 558 2722 758 2788; x_wconf 89' lang='lat' dir='ltr'>declarando</span> <span class='ocrx_word' id='word_1_153' title='bbox 784 2725 816 2788; x_wconf 93' lang='lat' dir='ltr'>et</span> <span class='ocrx_word' id='word_1_154' title='bbox 840 2722 1006 2807; x_wconf 89' lang='lat' dir='ltr'>quaedam</span> <span class='ocrx_word' id='word_1_155' title='bbox 1028 2719 1188 2788; x_wconf 88' lang='lat' dir='ltr'>addendo</span> <span class='ocrx_word' id='word_1_156' title='bbox 1214 2721 1255 2788; x_wconf 92' lang='lat' dir='ltr'>de</span> <span class='ocrx_word' id='word_1_157' title='bbox 1280 2739 1380 2801; x_wconf 93' lang='lat' dir='ltr'>nov0,</span> <span class='ocrx_word' id='word_1_158' title='bbox 1406 2721 1617 2806; x_wconf 89' lang='lat' dir='ltr'>episcopales</span> <span class='ocrx_word' id='word_1_159' title='bbox 1642 2724 1674 2788; x_wconf 93' lang='lat' dir='ltr'>et</span> 
     </span>
     <span class='ocr_line' id='line_1_20' title="bbox 184 2827 1672 2915; baseline 0.001 -23"><span class='ocrx_word' id='word_1_160' title='bbox 184 2829 325 2914; x_wconf 70' lang='lat' dir='ltr'>earumll</span> <span class='ocrx_word' id='word_1_161' title='bbox 362 2831 553 2914; x_wconf 92' lang='lat' dir='ltr'>superiores</span> <span class='ocrx_word' id='word_1_162' title='bbox 590 2829 698 2907; x_wconf 91' lang='lat' dir='ltr'>sedes,</span> <span class='ocrx_word' id='word_1_163' title='bbox 733 2829 936 2895; x_wconf 91' lang='lat' dir='ltr'>monasteria</span> <span class='ocrx_word' id='word_1_164' title='bbox 962 2830 994 2894; x_wconf 95' lang='lat' dir='ltr'>et</span> <span class='ocrx_word' id='word_1_165' title='bbox 1017 2829 1215 2915; x_wconf 70' lang='lat' dir='ltr'>regularesss)</span> <span class='ocrx_word' id='word_1_166' title='bbox 1252 2829 1419 2906; x_wconf 90' lang='lat' dir='ltr'>ecclesias,</span> <span class='ocrx_word' id='word_1_167' title='bbox 1450 2827 1491 2894; x_wconf 90' lang='lat' dir='ltr'>ad</span> <span class='ocrx_word' id='word_1_168' title='bbox 1517 2847 1603 2913; x_wconf 88' lang='lat' dir='ltr'>quae</span> <span class='ocrx_word' id='word_1_169' title='bbox 1628 2829 1672 2908; x_wconf 93' lang='lat' dir='ltr'>hi,</span> 
     </span>
     <span class='ocr_line' id='line_1_21' title="bbox 183 2935 1672 3023; baseline 0.002 -23"><span class='ocrx_word' id='word_1_170' title='bbox 183 2935 240 3020; x_wconf 92' lang='lat' dir='ltr'>qui</span> <span class='ocrx_word' id='word_1_171' title='bbox 250 2935 277 3022; x_wconf 78' lang='grc'>9)</span> <span class='ocrx_word' id='word_1_172' title='bbox 302 2937 351 3002; x_wconf 90' lang='lat' dir='ltr'>eis</span> <span class='ocrx_word' id='word_1_173' title='bbox 376 2955 436 3021; x_wconf 93' lang='lat' dir='ltr'>pro</span> <span class='ocrx_word' id='word_1_174' title='bbox 465 2939 615 3021; x_wconf 90' lang='lat' dir='ltr'>tempore</span> <span class='ocrx_word' id='word_1_175' title='bbox 640 2935 854 3020; x_wconf 82' lang='lat' dir='ltr'>praeficiendi</span> <span class='ocrx_word' id='word_1_176' title='bbox 879 2939 966 3014; x_wconf 92' lang='lat' dir='ltr'>sunt,</span> <span class='ocrx_word' id='word_1_177' title='bbox 992 2936 1090 3001; x_wconf 89' lang='lat' dir='ltr'>etiam</span> <span class='ocrx_word' id='word_1_178' title='bbox 1105 2937 1143 3023; x_wconf 84' lang='grc'>10)</span> <span class='ocrx_word' id='word_1_179' title='bbox 1173 2955 1231 3021; x_wconf 90' lang='lat' dir='ltr'>per</span> <span class='ocrx_word' id='word_1_180' title='bbox 1254 2935 1452 3001; x_wconf 88' lang='lat' dir='ltr'>electionem</span> <span class='ocrx_word' id='word_1_181' title='bbox 1477 2936 1672 3003; x_wconf 91' lang='lat' dir='ltr'>canonicam</span> 
     </span>
     <span class='ocr_line' id='line_1_22' title="bbox 184 3040 1673 3127; baseline 0.001 -20"><span class='ocrx_word' id='word_1_182' title='bbox 184 3044 408 3122; x_wconf 89' lang='lat' dir='ltr'>assumuntur,</span> <span class='ocrx_word' id='word_1_183' title='bbox 448 3042 623 3127; x_wconf 71' lang='lat' dir='ltr'>prioratus</span> <span class='ocrx_word' id='word_1_184' title='bbox 659 3041 770 3108; x_wconf 89' lang='lat' dir='ltr'>officia</span> <span class='ocrx_word' id='word_1_185' title='bbox 808 3043 861 3108; x_wconf 92' lang='lat' dir='ltr'>vel</span> <span class='ocrx_word' id='word_1_186' title='bbox 900 3041 1208 3108; x_wconf 89' lang='lat' dir='ltr'>administrationes</span> <span class='ocrx_word' id='word_1_187' title='bbox 1247 3040 1441 3121; x_wconf 91' lang='lat' dir='ltr'>eorundem,</span> <span class='ocrx_word' id='word_1_188' title='bbox 1482 3042 1673 3127; x_wconf 90' lang='lat' dir='ltr'>dignitates,</span> 
     </span>
     <span class='ocr_line' id='line_1_23' title="bbox 184 3148 1673 3242; baseline -0.001 -27"><span class='ocrx_word' id='word_1_189' title='bbox 184 3152 394 3234; x_wconf 92' lang='lat' dir='ltr'>personatus,</span> <span class='ocrx_word' id='word_1_190' title='bbox 426 3149 645 3234; x_wconf 87' lang='lat' dir='ltr'>praebendas,</span> <span class='ocrx_word' id='word_1_191' title='bbox 678 3149 810 3233; x_wconf 91' lang='lat' dir='ltr'>aliaque</span> <span class='ocrx_word' id='word_1_192' title='bbox 835 3149 1058 3215; x_wconf 88' lang='lat' dir='ltr'>ecclesiastica</span> <span class='ocrx_word' id='word_1_193' title='bbox 1071 3148 1111 3242; x_wconf 89' lang='grc'>11)</span> <span class='ocrx_word' id='word_1_194' title='bbox 1136 3149 1299 3215; x_wconf 89' lang='lat' dir='ltr'>beneficia</span> <span class='ocrx_word' id='word_1_195' title='bbox 1323 3167 1397 3215; x_wconf 94' lang='lat' dir='ltr'>cum</span> <span class='ocrx_word' id='word_1_196' title='bbox 1423 3167 1499 3215; x_wconf 93' lang='lat' dir='ltr'>cura</span> <span class='ocrx_word' id='word_1_197' title='bbox 1523 3151 1574 3216; x_wconf 91' lang='lat' dir='ltr'>vel</span> <span class='ocrx_word' id='word_1_198' title='bbox 1600 3150 1673 3216; x_wconf 94' lang='lat' dir='ltr'>sine</span> 
     </span>
     <span class='ocr_line' id='line_1_24' title="bbox 183 3254 1693 3341; baseline 0.001 -20"><span class='ocrx_word' id='word_1_199' title='bbox 183 3274 269 3335; x_wconf 89' lang='lat' dir='ltr'>cura,</span> <span class='ocrx_word' id='word_1_200' title='bbox 295 3274 497 3341; x_wconf 92' lang='lat' dir='ltr'>quocunque</span> <span class='ocrx_word' id='word_1_201' title='bbox 521 3256 660 3322; x_wconf 92' lang='lat' dir='ltr'>nomine</span> <span class='ocrx_word' id='word_1_202' title='bbox 684 3258 892 3335; x_wconf 91' lang='lat' dir='ltr'>censeantur,</span> <span class='ocrx_word' id='word_1_203' title='bbox 918 3273 1004 3339; x_wconf 88' lang='lat' dir='ltr'>quae</span> <span class='ocrx_word' id='word_1_204' title='bbox 1029 3254 1119 3340; x_wconf 89' lang='lat' dir='ltr'>apud</span> <span class='ocrx_word' id='word_1_205' title='bbox 1137 3254 1338 3339; x_wconf 88' lang='lat' dir='ltr'>praedictam</span> <span class='ocrx_word' id='word_1_206' title='bbox 1350 3257 1389 3337; x_wconf 81' lang='grc'>11)</span> <span class='ocrx_word' id='word_1_207' title='bbox 1415 3254 1530 3321; x_wconf 92' lang='lat' dir='ltr'>sedem</span> <span class='ocrx_word' id='word_1_208' title='bbox 1556 3258 1693 3322; x_wconf 82' lang='lat' dir='ltr'>vacant‘</span> 
     </span>
     <span class='ocr_line' id='line_1_25' title="bbox 183 3361 1675 3449; baseline -0.001 -20"><span class='ocrx_word' id='word_1_209' title='bbox 183 3363 225 3429; x_wconf 94' lang='lat' dir='ltr'>ad</span> <span class='ocrx_word' id='word_1_210' title='bbox 256 3382 426 3449; x_wconf 89' lang='lat' dir='ltr'>praesens,</span> <span class='ocrx_word' id='word_1_211' title='bbox 451 3366 484 3429; x_wconf 94' lang='lat' dir='ltr'>et</span> <span class='ocrx_word' id='word_1_212' title='bbox 514 3381 554 3428; x_wconf 85' lang='lat' dir='ltr'>ex</span> <span class='ocrx_word' id='word_1_213' title='bbox 584 3363 730 3429; x_wconf 92' lang='lat' dir='ltr'>nuncin</span> <span class='ocrx_word' id='word_1_214' title='bbox 756 3364 863 3442; x_wconf 87' lang='lat' dir='ltr'>antea,</span> <span class='ocrx_word' id='word_1_215' title='bbox 900 3362 1022 3444; x_wconf 88' lang='lat' dir='ltr'>(donec</span> <span class='ocrx_word' id='word_1_216' title='bbox 1046 3361 1171 3428; x_wconf 87' lang='lat' dir='ltr'>Christi</span> <span class='ocrx_word' id='word_1_217' title='bbox 1196 3361 1346 3446; x_wconf 89' lang='lat' dir='ltr'>dignatio</span> <span class='ocrx_word' id='word_1_218' title='bbox 1382 3381 1446 3428; x_wconf 94' lang='lat' dir='ltr'>nos</span> <span class='ocrx_word' id='word_1_219' title='bbox 1482 3363 1675 3447; x_wconf 85' lang='lat' dir='ltr'>dignabitur</span> 
     </span>
     <span class='ocr_line' id='line_1_26' title="bbox 183 3466 1671 3555; baseline -0.001 -21"><span class='ocrx_word' id='word_1_220' title='bbox 183 3470 379 3536; x_wconf 89' lang='lat' dir='ltr'>universalis</span> <span class='ocrx_word' id='word_1_221' title='bbox 411 3470 571 3536; x_wconf 88' lang='lat' dir='ltr'>ecclesiae</span> <span class='ocrx_word' id='word_1_222' title='bbox 603 3487 750 3554; x_wconf 87' lang='lat' dir='ltr'>sponsae</span> <span class='ocrx_word' id='word_1_223' title='bbox 774 3487 854 3535; x_wconf 87' lang='lat' dir='ltr'>suae</span> <span class='ocrx_word' id='word_1_224' title='bbox 879 3469 1033 3553; x_wconf 90' lang='lat' dir='ltr'>regimini</span> <span class='ocrx_word' id='word_1_225' title='bbox 1058 3466 1273 3554; x_wconf 68' lang='lat' dir='ltr'>praesidere)</span> <span class='ocrx_word' id='word_1_226' title='bbox 1297 3487 1412 3535; x_wconf 91' lang='lat' dir='ltr'>vacare</span> <span class='ocrx_word' id='word_1_227' title='bbox 1445 3470 1621 3554; x_wconf 90' lang='lat' dir='ltr'>contigerit</span> <span class='ocrx_word' id='word_1_228' title='bbox 1632 3469 1671 3555; x_wconf 86' lang='grc'>13)</span> 
     </span>
     <span class='ocr_line' id='line_1_27' title="bbox 182 3575 1672 3662; baseline 0.002 -22"><span class='ocrx_word' id='word_1_229' title='bbox 182 3575 271 3660; x_wconf 88' lang='lat' dir='ltr'>apud</span> <span class='ocrx_word' id='word_1_230' title='bbox 308 3595 391 3655; x_wconf 90' lang='lat' dir='ltr'>eam,</span> <span class='ocrx_word' id='word_1_231' title='bbox 428 3577 613 3661; x_wconf 92' lang='lat' dir='ltr'>provisioni</span> <span class='ocrx_word' id='word_1_232' title='bbox 638 3578 771 3643; x_wconf 92' lang='lat' dir='ltr'>nostrae</span> <span class='ocrx_word' id='word_1_233' title='bbox 796 3575 837 3642; x_wconf 97' lang='lat' dir='ltr'>de</span> <span class='ocrx_word' id='word_1_234' title='bbox 860 3575 994 3641; x_wconf 88' lang='lat' dir='ltr'>fratrum</span> <span class='ocrx_word' id='word_1_235' title='bbox 1031 3575 1271 3662; x_wconf 81' lang='lat' dir='ltr'>nostrorum14)</span> <span class='ocrx_word' id='word_1_236' title='bbox 1304 3575 1447 3642; x_wconf 89' lang='lat' dir='ltr'>consilio</span> <span class='ocrx_word' id='word_1_237' title='bbox 1477 3576 1672 3643; x_wconf 88' lang='lat' dir='ltr'>auctoritate</span> 
     </span>
     <span class='ocr_line' id='line_1_28' title="bbox 182 3681 1671 3767; baseline -0.001 -18"><span class='ocrx_word' id='word_1_238' title='bbox 182 3683 368 3767; x_wconf 90' lang='lat' dir='ltr'>apostolica</span> <span class='ocrx_word' id='word_1_239' title='bbox 404 3702 625 3765; x_wconf 78' lang='lat' dir='ltr'>reservamus.</span> <span class='ocrx_word' id='word_1_240' title='bbox 670 3681 873 3749; x_wconf 85' lang='lat' dir='ltr'>Huiusmodi</span> <span class='ocrx_word' id='word_1_241' title='bbox 908 3685 1019 3749; x_wconf 91' lang='lat' dir='ltr'>autem</span> <span class='ocrx_word' id='word_1_242' title='bbox 1045 3681 1154 3761; x_wconf 77' lang='lat' dir='ltr'>sedeS,</span> <span class='ocrx_word' id='word_1_243' title='bbox 1186 3683 1398 3761; x_wconf 88' lang='lat' dir='ltr'>monasteria,</span> <span class='ocrx_word' id='word_1_244' title='bbox 1434 3683 1603 3762; x_wconf 92' lang='lat' dir='ltr'>ecclesias,</span> <span class='ocrx_word' id='word_1_245' title='bbox 1640 3686 1671 3749; x_wconf 94' lang='lat' dir='ltr'>et</span> 
     </span>
    </p>
   </div>
   <div class='ocr_carea' id='block_1_4' title="bbox 182 3793 394 3800">
    <p class='ocr_par' dir='ltr' id='par_1_4' title="bbox 182 3793 394 3800">
     <span class='ocr_line' id='line_1_29' title="bbox 182 3793 394 3800; baseline 0 0"><span class='ocrx_word' id='word_1_246' title='bbox 182 3793 394 3800; x_wconf 67' lang='lat' dir='ltr'>--——-a——</span> 
     </span>
    </p>
   </div>
   <div class='ocr_carea' id='block_1_5' title="bbox 181 3823 1672 5407">
    <p class='ocr_par' dir='ltr' id='par_1_5' title="bbox 182 3823 1672 3983">
     <span class='ocr_line' id='line_1_30' title="bbox 247 3823 1672 3894; baseline 0 -15"><span class='ocrx_word' id='word_1_247' title='bbox 247 3823 269 3893; x_wconf 86' lang='lat'>1)</span> <span class='ocrx_word' id='word_1_248' title='bbox 289 3824 350 3879; x_wconf 90' lang='lat' dir='ltr'>Hoc</span> <span class='ocrx_word' id='word_1_249' title='bbox 369 3827 448 3894; x_wconf 90' lang='lat' dir='ltr'>caput</span> <span class='ocrx_word' id='word_1_250' title='bbox 467 3827 494 3878; x_wconf 90' lang='lat' dir='ltr'>in</span> <span class='ocrx_word' id='word_1_251' title='bbox 513 3823 602 3878; x_wconf 89' lang='lat' dir='ltr'>Codd.</span> <span class='ocrx_word' id='word_1_252' title='bbox 616 3824 645 3878; x_wconf 90' lang='lat' dir='ltr'>B.</span> <span class='ocrx_word' id='word_1_253' title='bbox 666 3826 693 3879; x_wconf 92' lang='lat' dir='ltr'>et</span> <span class='ocrx_word' id='word_1_254' title='bbox 711 3825 743 3878; x_wconf 88' lang='lat' dir='ltr'>V.</span> <span class='ocrx_word' id='word_1_255' title='bbox 763 3824 926 3879; x_wconf 86' lang='lat' dir='ltr'>inscribitur:</span> <span class='ocrx_word' id='word_1_256' title='bbox 950 3823 1133 3888; x_wconf 85' lang='lat' dir='ltr'>,Constifucio</span> <span class='ocrx_word' id='word_1_257' title='bbox 1153 3838 1185 3877; x_wconf 85' lang='lat' dir='ltr'>ex</span> <span class='ocrx_word' id='word_1_258' title='bbox 1205 3823 1297 3878; x_wconf 93' lang='lat' dir='ltr'>debito</span> <span class='ocrx_word' id='word_1_259' title='bbox 1317 3823 1419 3878; x_wconf 93' lang='lat' dir='ltr'>domini</span> <span class='ocrx_word' id='word_1_260' title='bbox 1438 3823 1571 3878; x_wconf 83' lang='lat' dir='ltr'>lobannis</span> <span class='ocrx_word' id='word_1_261' title='bbox 1591 3839 1672 3893; x_wconf 91' lang='lat' dir='ltr'>super</span> 
     </span>
     <span class='ocr_line' id='line_1_31' title="bbox 182 3912 681 3983; baseline -0.002 -16"><span class='ocrx_word' id='word_1_262' title='bbox 182 3914 414 3968; x_wconf 90' lang='lat' dir='ltr'>reservacfonibus</span> <span class='ocrx_word' id='word_1_263' title='bbox 433 3929 481 3983; x_wconf 88' lang='lat' dir='ltr'>per</span> <span class='ocrx_word' id='word_1_264' title='bbox 500 3929 561 3967; x_wconf 91' lang='lat' dir='ltr'>eum</span> <span class='ocrx_word' id='word_1_265' title='bbox 581 3912 681 3968; x_wconf 83' lang='lat' dir='ltr'>factis.“</span> 
     </span>
    </p>

    <p class='ocr_par' dir='ltr' id='par_1_6' title="bbox 247 4001 418 4073">
     <span class='ocr_line' id='line_1_32' title="bbox 247 4001 418 4073; baseline -0.023 -17"><span class='ocrx_word' id='word_1_266' title='bbox 247 4001 270 4073; x_wconf 78' lang='lat'>²)</span> <span class='ocrx_word' id='word_1_267' title='bbox 289 4004 327 4056; x_wconf 90' lang='lat' dir='ltr'>et:</span> <span class='ocrx_word' id='word_1_268' title='bbox 347 4002 376 4058; x_wconf 92' lang='lat' dir='ltr'>B.</span> <span class='ocrx_word' id='word_1_269' title='bbox 416 4049 418 4052; x_wconf 78' lang='grc'>,</span> 
     </span>
    </p>

    <p class='ocr_par' dir='ltr' id='par_1_7' title="bbox 247 4089 1123 4161">
     <span class='ocr_line' id='line_1_33' title="bbox 247 4089 1123 4161; baseline -0.001 -16"><span class='ocrx_word' id='word_1_270' title='bbox 247 4091 270 4161; x_wconf 81' lang='grc'>1)</span> <span class='ocrx_word' id='word_1_271' title='bbox 290 4093 328 4145; x_wconf 85' lang='lat' dir='ltr'>et:</span> <span class='ocrx_word' id='word_1_272' title='bbox 348 4091 377 4146; x_wconf 91' lang='lat' dir='ltr'>B.</span> <span class='ocrx_word' id='word_1_273' title='bbox 396 4122 430 4131; x_wconf 92' lang='lat'>—-</span> <span class='ocrx_word' id='word_1_274' title='bbox 450 4106 532 4161; x_wconf 90' lang='lat' dir='ltr'>super</span> <span class='ocrx_word' id='word_1_275' title='bbox 551 4094 618 4161; x_wconf 92' lang='lat' dir='ltr'>ipsis</span> <span class='ocrx_word' id='word_1_276' title='bbox 636 4107 670 4145; x_wconf 85' lang='lat' dir='ltr'>ex</span> <span class='ocrx_word' id='word_1_277' title='bbox 689 4089 718 4161; x_wconf 85' lang='lat'>(!)</span> <span class='ocrx_word' id='word_1_278' title='bbox 738 4092 906 4145; x_wconf 85' lang='lat' dir='ltr'>monasteriis</span> <span class='ocrx_word' id='word_1_279' title='bbox 925 4106 959 4144; x_wconf 85' lang='lat' dir='ltr'>ex</span> <span class='ocrx_word' id='word_1_280' title='bbox 978 4091 1070 4145; x_wconf 85' lang='lat' dir='ltr'>divina</span> <span class='ocrx_word' id='word_1_281' title='bbox 1090 4091 1123 4144; x_wconf 91' lang='lat' dir='ltr'>V.</span> 
     </span>
    </p>

    <p class='ocr_par' dir='ltr' id='par_1_8' title="bbox 246 4180 470 4250">
     <span class='ocr_line' id='line_1_34' title="bbox 246 4180 470 4250; baseline 0.009 -16"><span class='ocrx_word' id='word_1_282' title='bbox 246 4181 271 4250; x_wconf 79' lang='lat'>4)</span> <span class='ocrx_word' id='word_1_283' title='bbox 290 4182 420 4235; x_wconf 91' lang='lat' dir='ltr'>noscitur:</span> <span class='ocrx_word' id='word_1_284' title='bbox 440 4180 470 4236; x_wconf 89' lang='lat' dir='ltr'>B.</span> 
     </span>
    </p>

    <p class='ocr_par' dir='ltr' id='par_1_9' title="bbox 247 4268 952 4340">
     <span class='ocr_line' id='line_1_35' title="bbox 247 4268 952 4340; baseline -0.003 -16"><span class='ocrx_word' id='word_1_285' title='bbox 247 4268 269 4339; x_wconf 81' lang='lat'>⁶)</span> <span class='ocrx_word' id='word_1_286' title='bbox 288 4269 510 4339; x_wconf 88' lang='lat' dir='ltr'>predecessorum</span> <span class='ocrx_word' id='word_1_287' title='bbox 531 4285 662 4340; x_wconf 90' lang='lat' dir='ltr'>quoque</span> <span class='ocrx_word' id='word_1_288' title='bbox 680 4271 843 4324; x_wconf 90' lang='lat' dir='ltr'>nostrorum:</span> <span class='ocrx_word' id='word_1_289' title='bbox 864 4268 899 4332; x_wconf 90' lang='lat' dir='ltr'>B;</span> <span class='ocrx_word' id='word_1_290' title='bbox 919 4269 952 4322; x_wconf 91' lang='lat' dir='ltr'>V.</span> 
     </span>
    </p>

    <p class='ocr_par' dir='ltr' id='par_1_10' title="bbox 181 4356 1671 4516">
     <span class='ocr_line' id='line_1_36' title="bbox 247 4356 1671 4427; baseline 0.001 -16"><span class='ocrx_word' id='word_1_291' title='bbox 247 4358 270 4421; x_wconf 77' lang='lat'>⁶)</span> <span class='ocrx_word' id='word_1_292' title='bbox 291 4360 317 4412; x_wconf 93' lang='lat' dir='ltr'>et</span> <span class='ocrx_word' id='word_1_293' title='bbox 344 4357 476 4412; x_wconf 89' lang='lat' dir='ltr'>beneficia</span> <span class='ocrx_word' id='word_1_294' title='bbox 500 4360 679 4414; x_wconf 87' lang='lat' dir='ltr'>ecclesiastica</span> <span class='ocrx_word' id='word_1_295' title='bbox 706 4358 735 4414; x_wconf 91' lang='lat' dir='ltr'>C.</span> <span class='ocrx_word' id='word_1_296' title='bbox 761 4358 794 4411; x_wconf 91' lang='lat' dir='ltr'>V.</span> <span class='ocrx_word' id='word_1_297' title='bbox 823 4360 868 4427; x_wconf 90' lang='lat' dir='ltr'>qui</span> <span class='ocrx_word' id='word_1_298' title='bbox 983 4356 1111 4411; x_wconf 89' lang='lat' dir='ltr'>ecclesias</span> <span class='ocrx_word' id='word_1_299' title='bbox 1138 4357 1164 4410; x_wconf 85' lang='lat' dir='ltr'>ef</span> <span class='ocrx_word' id='word_1_300' title='bbox 1191 4356 1323 4410; x_wconf 89' lang='lat' dir='ltr'>beneficia</span> <span class='ocrx_word' id='word_1_301' title='bbox 1349 4372 1429 4426; x_wconf 90' lang='lat' dir='ltr'>quam</span> <span class='ocrx_word' id='word_1_302' title='bbox 1460 4359 1621 4412; x_wconf 89' lang='lat' dir='ltr'>monasteria</span> <span class='ocrx_word' id='word_1_303' title='bbox 1645 4360 1671 4412; x_wconf 92' lang='lat' dir='ltr'>et</span> 
     </span>
     <span class='ocr_line' id='line_1_37' title="bbox 181 4445 1405 4516; baseline -0.001 -16"><span class='ocrx_word' id='word_1_304' title='bbox 181 4449 320 4516; x_wconf 89' lang='lat' dir='ltr'>prioratus,</span> <span class='ocrx_word' id='word_1_305' title='bbox 340 4447 589 4502; x_wconf 90' lang='lat' dir='ltr'>administraciones</span> <span class='ocrx_word' id='word_1_306' title='bbox 609 4449 635 4501; x_wconf 90' lang='lat' dir='ltr'>et</span> <span class='ocrx_word' id='word_1_307' title='bbox 653 4447 783 4501; x_wconf 87' lang='lat' dir='ltr'>beneficia</span> <span class='ocrx_word' id='word_1_308' title='bbox 803 4447 991 4510; x_wconf 87' lang='lat' dir='ltr'>ecclesiastica,</span> <span class='ocrx_word' id='word_1_309' title='bbox 1012 4460 1081 4515; x_wconf 90' lang='lat' dir='ltr'>quae</span> <span class='ocrx_word' id='word_1_310' title='bbox 1100 4446 1172 4514; x_wconf 91' lang='lat' dir='ltr'>apud</span> <span class='ocrx_word' id='word_1_311' title='bbox 1192 4445 1285 4500; x_wconf 91' lang='lat' dir='ltr'>sedem</span> <span class='ocrx_word' id='word_1_312' title='bbox 1305 4446 1354 4499; x_wconf 90' lang='lat' dir='ltr'>etc.</span> <span class='ocrx_word' id='word_1_313' title='bbox 1376 4445 1405 4499; x_wconf 90' lang='lat' dir='ltr'>B.</span> 
     </span>
    </p>

    <p class='ocr_par' dir='ltr' id='par_1_11' title="bbox 289 4534 1665 4608">
     <span class='ocr_line' id='line_1_38' title="bbox 289 4534 1665 4608; baseline 0.001 -19"><span class='ocrx_word' id='word_1_314' title='bbox 289 4539 413 4606; x_wconf 91' lang='lat' dir='ltr'>...qui</span> <span class='ocrx_word' id='word_1_315' title='bbox 432 4537 577 4608; x_wconf 85' lang='lat' dir='ltr'>dignitates</span> <span class='ocrx_word' id='word_1_316' title='bbox 603 4538 771 4605; x_wconf 90' lang='lat' dir='ltr'>personatus,</span> <span class='ocrx_word' id='word_1_317' title='bbox 804 4537 931 4590; x_wconf 87' lang='lat' dir='ltr'>ecclesias</span> <span class='ocrx_word' id='word_1_318' title='bbox 958 4536 984 4588; x_wconf 85' lang='lat' dir='ltr'>et</span> <span class='ocrx_word' id='word_1_319' title='bbox 1011 4534 1144 4588; x_wconf 89' lang='lat' dir='ltr'>beneficia</span> <span class='ocrx_word' id='word_1_320' title='bbox 1171 4535 1222 4589; x_wconf 90' lang='lat' dir='ltr'>alia</span> <span class='ocrx_word' id='word_1_321' title='bbox 1251 4549 1331 4604; x_wconf 87' lang='lat' dir='ltr'>quam</span> <span class='ocrx_word' id='word_1_322' title='bbox 1351 4535 1518 4590; x_wconf 89' lang='lat' dir='ltr'>cathedrales</span> <span class='ocrx_word' id='word_1_323' title='bbox 1537 4536 1665 4590; x_wconf 89' lang='lat' dir='ltr'>ecclesias</span> 
     </span>
    </p>

    <p class='ocr_par' dir='ltr' id='par_1_12' title="bbox 182 4625 848 4695">
     <span class='ocr_line' id='line_1_39' title="bbox 182 4625 848 4695; baseline -0.002 -16"><span class='ocrx_word' id='word_1_324' title='bbox 182 4626 342 4693; x_wconf 89' lang='lat' dir='ltr'>quaslibet.</span> <span class='ocrx_word' id='word_1_325' title='bbox 363 4668 369 4679; x_wconf 97' lang='lat'>.</span> <span class='ocrx_word' id='word_1_326' title='bbox 390 4668 395 4679; x_wconf 95' lang='lat'>.</span> <span class='ocrx_word' id='word_1_327' title='bbox 416 4625 506 4695; x_wconf 90' lang='lat' dir='ltr'>(deest</span> <span class='ocrx_word' id='word_1_328' title='bbox 528 4625 627 4690; x_wconf 88' lang='lat' dir='ltr'>,Clem</span> <span class='ocrx_word' id='word_1_329' title='bbox 648 4626 696 4679; x_wconf 82' lang='lat' dir='ltr'>V.“</span> <span class='ocrx_word' id='word_1_330' title='bbox 719 4626 795 4695; x_wconf 88' lang='lat' dir='ltr'>etc.):</span> <span class='ocrx_word' id='word_1_331' title='bbox 815 4625 848 4679; x_wconf 94' lang='lat' dir='ltr'>V.</span> 
     </span>
    </p>

    <p class='ocr_par' dir='ltr' id='par_1_13' title="bbox 249 4713 502 4784">
     <span class='ocr_line' id='line_1_40' title="bbox 249 4713 502 4784; baseline 0 -15"><span class='ocrx_word' id='word_1_332' title='bbox 249 4713 273 4784; x_wconf 85' lang='grc'>1)</span> <span class='ocrx_word' id='word_1_333' title='bbox 292 4729 386 4769; x_wconf 92' lang='lat' dir='ltr'>eorum</span> <span class='ocrx_word' id='word_1_334' title='bbox 405 4715 449 4784; x_wconf 83' lang='lat'><strong>(!):</strong></span> <span class='ocrx_word' id='word_1_335' title='bbox 470 4716 502 4770; x_wconf 93' lang='lat' dir='ltr'>V.</span> 
     </span>
    </p>

    <p class='ocr_par' dir='ltr' id='par_1_14' title="bbox 248 4803 740 4874">
     <span class='ocr_line' id='line_1_41' title="bbox 248 4803 740 4874; baseline 0.002 -17"><span class='ocrx_word' id='word_1_336' title='bbox 248 4803 271 4874; x_wconf 81' lang='grc'>8)</span> <span class='ocrx_word' id='word_1_337' title='bbox 291 4819 321 4857; x_wconf 88' lang='lat' dir='ltr'>ac</span> <span class='ocrx_word' id='word_1_338' title='bbox 340 4804 474 4858; x_wconf 90' lang='lat' dir='ltr'>seculares</span> <span class='ocrx_word' id='word_1_339' title='bbox 494 4805 633 4859; x_wconf 89' lang='lat' dir='ltr'>ecclesias:</span> <span class='ocrx_word' id='word_1_340' title='bbox 654 4803 688 4868; x_wconf 75' lang='lat' dir='ltr'>B,</span> <span class='ocrx_word' id='word_1_341' title='bbox 708 4804 740 4858; x_wconf 93' lang='lat' dir='ltr'>V.</span> 
     </span>
    </p>

    <p class='ocr_par' dir='ltr' id='par_1_15' title="bbox 247 4892 458 4963">
     <span class='ocr_line' id='line_1_42' title="bbox 247 4892 458 4963; baseline 0.005 -17"><span class='ocrx_word' id='word_1_342' title='bbox 247 4892 270 4962; x_wconf 79' lang='grc'>1)</span> <span class='ocrx_word' id='word_1_343' title='bbox 291 4908 343 4961; x_wconf 91' lang='lat' dir='ltr'>que</span> <span class='ocrx_word' id='word_1_344' title='bbox 363 4893 406 4963; x_wconf 83' lang='lat'>(!):</span> <span class='ocrx_word' id='word_1_345' title='bbox 426 4894 458 4947; x_wconf 93' lang='lat' dir='ltr'>V.</span> 
     </span>
    </p>

    <p class='ocr_par' dir='ltr' id='par_1_16' title="bbox 236 4981 799 5053">
     <span class='ocr_line' id='line_1_43' title="bbox 236 4981 799 5053; baseline 0 -17"><span class='ocrx_word' id='word_1_346' title='bbox 236 4981 270 5053; x_wconf 83' lang='grc'>111)</span> <span class='ocrx_word' id='word_1_347' title='bbox 290 4984 375 5036; x_wconf 89' lang='lat' dir='ltr'>eciam</span> <span class='ocrx_word' id='word_1_348' title='bbox 394 4986 439 5052; x_wconf 92' lang='lat' dir='ltr'>qui</span> <span class='ocrx_word' id='word_1_349' title='bbox 460 4981 489 5052; x_wconf 91' lang='lat'>(!)</span> <span class='ocrx_word' id='word_1_350' title='bbox 509 4998 556 5052; x_wconf 93' lang='lat' dir='ltr'>per</span> <span class='ocrx_word' id='word_1_351' title='bbox 575 4984 748 5036; x_wconf 90' lang='lat' dir='ltr'>electionem:</span> <span class='ocrx_word' id='word_1_352' title='bbox 769 4982 799 5037; x_wconf 91' lang='lat' dir='ltr'>B.</span> 
     </span>
    </p>

    <p class='ocr_par' dir='ltr' id='par_1_17' title="bbox 235 5069 811 5139">
     <span class='ocr_line' id='line_1_44' title="bbox 235 5069 811 5139; baseline 0.002 -14"><span class='ocrx_word' id='word_1_353' title='bbox 235 5069 272 5136; x_wconf 87' lang='lat'>¹1)</span> <span class='ocrx_word' id='word_1_354' title='bbox 291 5072 397 5139; x_wconf 88' lang='lat' dir='ltr'>aliaque</span> <span class='ocrx_word' id='word_1_355' title='bbox 415 5070 547 5125; x_wconf 85' lang='lat' dir='ltr'>beneficia</span> <span class='ocrx_word' id='word_1_356' title='bbox 566 5070 759 5125; x_wconf 88' lang='lat' dir='ltr'>ecclesiastica:</span> <span class='ocrx_word' id='word_1_357' title='bbox 778 5071 811 5126; x_wconf 91' lang='lat' dir='ltr'>V.</span> 
     </span>
    </p>

    <p class='ocr_par' dir='ltr' id='par_1_18' title="bbox 236 5159 510 5227">
     <span class='ocr_line' id='line_1_45' title="bbox 236 5159 510 5227; baseline 0 -14"><span class='ocrx_word' id='word_1_358' title='bbox 236 5159 271 5227; x_wconf 81' lang='grc'>11)</span> <span class='ocrx_word' id='word_1_359' title='bbox 292 5160 403 5214; x_wconf 85' lang='lat' dir='ltr'>dictam:</span> <span class='ocrx_word' id='word_1_360' title='bbox 423 5159 458 5224; x_wconf 90' lang='lat' dir='ltr'>B;</span> <span class='ocrx_word' id='word_1_361' title='bbox 478 5160 510 5213; x_wconf 94' lang='lat' dir='ltr'>V.</span> 
     </span>
    </p>

    <p class='ocr_par' dir='ltr' id='par_1_19' title="bbox 236 5247 781 5319">
     <span class='ocr_line' id='line_1_46' title="bbox 236 5247 781 5319; baseline 0.002 -17"><span class='ocrx_word' id='word_1_362' title='bbox 236 5247 273 5318; x_wconf 80' lang='grc'>11)</span> <span class='ocrx_word' id='word_1_363' title='bbox 292 5250 434 5319; x_wconf 84' lang='lat' dir='ltr'>contigerit</span> <span class='ocrx_word' id='word_1_364' title='bbox 452 5263 548 5303; x_wconf 89' lang='lat' dir='ltr'>vacare</span> <span class='ocrx_word' id='word_1_365' title='bbox 567 5250 639 5318; x_wconf 85' lang='lat' dir='ltr'>apud</span> <span class='ocrx_word' id='word_1_366' title='bbox 659 5264 731 5305; x_wconf 90' lang='lat' dir='ltr'>eam:</span> <span class='ocrx_word' id='word_1_367' title='bbox 751 5248 781 5304; x_wconf 92' lang='lat' dir='ltr'>B.</span> 
     </span>
    </p>

    <p class='ocr_par' dir='ltr' id='par_1_20' title="bbox 236 5336 871 5407">
     <span class='ocr_line' id='line_1_47' title="bbox 236 5336 871 5407; baseline 0.002 -16"><span class='ocrx_word' id='word_1_368' title='bbox 236 5336 271 5407; x_wconf 78' lang='lat'>¹4)</span> <span class='ocrx_word' id='word_1_369' title='bbox 291 5338 326 5392; x_wconf 91' lang='lat' dir='ltr'>de</span> <span class='ocrx_word' id='word_1_370' title='bbox 344 5336 453 5393; x_wconf 87' lang='lat' dir='ltr'>fratrum</span> <span class='ocrx_word' id='word_1_371' title='bbox 473 5339 621 5395; x_wconf 87' lang='lat' dir='ltr'>eorundem</span> <span class='ocrx_word' id='word_1_372' title='bbox 640 5340 765 5392; x_wconf 91' lang='lat' dir='ltr'>consilio:</span> <span class='ocrx_word' id='word_1_373' title='bbox 785 5338 820 5403; x_wconf 87' lang='lat' dir='ltr'>B;</span> <span class='ocrx_word' id='word_1_374' title='bbox 840 5339 871 5392; x_wconf 94' lang='lat' dir='ltr'>V.</span> 
     </span>
    </p>
   </div>
   <div class='ocr_carea' id='block_1_6' title="bbox 0 0 1864 5932">
    <p class='ocr_par' dir='ltr' id='par_1_21' title="bbox 0 0 1864 5932">
     <span class='ocr_line' id='line_1_48' title="bbox 0 0 1864 5932; baseline 0 0"><span class='ocrx_word' id='word_1_375' title='bbox 0 0 1864 5932; x_wconf 95' lang='lat' dir='ltr'> </span> 
     </span>
    </p>
   </div>
  </div>
 </body>
</html>
