1023 1631
497 152 519 168 9⁷

138 205 210 227 predicte
219 205 304 222 solverunt
312 205 355 227 (sic),
368 205 465 227 dictumque
476 205 559 221 decanum
571 205 618 221 omni
629 204 690 221 actioni
703 204 735 221 sibi
746 204 804 221 contra
815 209 845 221 eos
856 204 883 221 vel

136 236 194 248 eorum
206 232 279 248 §autores
291 232 412 253 premissorum
424 232 514 249 occasione
522 231 624 253 competenti
634 231 661 248 vel
669 231 778 252 competiture
786 231 884 247 renunciare

136 263 166 280 per
183 258 293 275 iuramentum
305 259 322 275 et
333 263 391 275 eorum
409 258 516 275 absolucioni
533 258 627 275 consentire
645 257 726 279 compulit
741 257 757 274 et
774 257 798 274 sic
810 257 882 274 eundem

136 285 217 301 decanum
235 285 299 302 eisdem
316 285 380 302 civibus
392 285 526 302 Coloniensihus
538 285 610 301 tinaliter
624 285 704 301 liberavit.
729 284 772 301 Cum
785 284 841 305 itaque
853 288 884 305 per

136 316 168 328 nos
180 312 196 328 et
208 312 299 328 nonnullos
311 312 397 330 Romanos
411 312 500 333 poutitices
519 311 646 333 predecessores
663 311 730 328 nostros
742 311 760 327 in
777 311 825 328 certis
843 311 883 327 anni

136 339 283 360 solempnitatibus
303 343 363 355 omnes
382 339 480 358 turbatores,
493 338 594 360 spoliatores
613 339 630 355 et
649 338 757 359 impeditor-es
776 337 882 354 veniencium

136 365 157 382 ad
177 365 235 382 sedem
254 365 345 386 predictam
365 366 381 382 et
398 365 512 382 recedencium
533 365 554 381 ab
577 365 636 381 eadem
659 369 725 381 necnon
745 365 774 384 illi,
794 364 823 385 qui
841 364 883 381 tales

136 392 227 408 temeritate
252 392 319 413 propria
338 392 415 413 spoliare,
433 396 493 413 capere
515 392 541 408 vel
563 391 638 408 detinere
661 391 776 413 presumerent
796 391 825 407 aut
843 391 883 407 talia

135 419 170 435 fieri
183 419 255 435 iacerent
268 419 294 435 vel
311 418 416 438 mandarent,
433 419 550 440 cuiuscunque
562 418 690 439 preeminencie,
707 418 798 439 dignitatis,
818 417 883 434 ordinis

136 445 241 462 condicionis
250 446 278 462 aut
286 445 338 462 status
347 445 441 465 existerent,
453 445 636 462 excommunicacionis
648 445 664 461 et
675 444 785 461 anathematis
794 444 883 461 sentenciis

136 472 169 488 sint
181 472 248 492 astricti,
266 477 300 488 non
313 472 419 489 obstantibus
437 472 567 493 quibuscunque
585 472 676 493 privilegiis
688 471 713 488 eis
725 471 750 488 vel
763 476 821 487 eorum
833 471 882 487 alicui

136 499 162 515 vel
185 499 269 520 aliquibus
299 503 309 515 a
337 499 410 520 predicta
439 498 479 515 sede
502 499 535 515 sub
564 503 664 520 quacunque
693 498 746 514 torma
770 498 796 514 vel
825 498 882 514 tenore

136 525 223 542 verborum
236 525 327 545 concessis,
345 526 391 546 quod
409 526 549 542 excommunicari
562 530 596 542 non
609 525 675 546 possint
687 529 716 541 seu
735 529 764 546 per
781 529 814 546 que
825 525 883 541 contra

137 552 234 568 huiusmodi
253 552 347 569 sentencias
359 553 375 568 et
389 557 483 573 processus,
496 552 587 573 quominus
605 551 716 568 includeretur
733 552 749 568 in
762 551 792 571 eis,
809 551 883 567 valerent

137 579 265 600 quomodolibet
283 583 301 595 se
318 579 365 599 tueri,
389 583 422 600 que
440 579 496 600 quoad
515 579 547 595 hoc
565 578 663 595 sustulimus
680 579 696 595 et
716 578 786 594 ornnino
804 578 882 594 duximus

136 606 234 622 revocanda
260 605 340 622 Volentes
358 606 473 625 nihilominus,
490 605 536 627 quod
551 606 572 622 ab
592 605 655 622 eisdem
676 605 762 622 sententiis
780 604 836 621 nullus
853 609 883 625 per

136 632 186 648 alium
207 637 257 653 quarn
277 637 307 653 per
321 632 415 651 Romanum
437 632 534 654 pontificem
555 632 586 649 nisi
605 632 684 648 duntaxat
702 632 718 648 in
737 631 794 648 mortis
813 631 882 647 articulo

136 659 236 675 constitutus
249 664 279 675 nec
290 659 330 675 tunc
340 659 398 679 eciam,
411 659 443 675 nisi
453 659 474 675 de
485 659 546 676 stando
558 659 641 675 mandatis
653 659 723 675 ecclesie
735 658 848 675 satisfactione
856 657 882 674 vel

136 686 223 702 sufficienti
236 686 316 702 caucione
328 686 415 707 premissa,
428 687 486 707 posset
494 686 567 706 absolvi,
580 690 610 702 eos
623 686 691 707 insuper
702 685 817 705 cuiuscunque
829 684 883 701 torent

137 713 266 734 preeminencie,
275 712 366 733 dignitatis,
376 713 444 732 ordinis,
453 712 558 729 condicionis
570 713 597 729 aut
606 713 663 732 status,
673 712 701 733 qui
709 711 858 728 excommunicatis
866 711 882 727 et

136 739 280 756 anathematizatis
298 739 362 755 eisdem
381 740 402 756 ab
420 739 518 756 huiusmodi
537 739 626 755 sentenciis
648 738 762 755 absolucionis
782 738 882 755 beneficium

136 767 251 787 presumerent
256 766 335 787 impartiri
340 766 384 787 (sic),
392 766 470 782 volumus
475 766 657 782 excommunicacionis
661 766 678 782 et
682 765 793 782 anathematis
797 765 882 781 sentencia

138 792 219 811 innodari,
240 792 264 808 eis
278 792 397 809 nichilominus
417 792 544 813 predicacionis,
565 792 646 812 lectionis,
659 792 811 808 administracionis
829 796 882 808 sacra-

136 820 230 836 mentomm
242 820 258 836 et
270 820 349 836 audiendi
367 820 478 836 confessionis
496 820 571 836 officium
590 820 706 836 interdicentes
720 824 798 841 expresse
811 819 853 835 sicut
865 819 881 835 in

136 847 193 863 litteris
206 847 267 863 nostris
282 846 321 863 inde
333 846 412 863 contectis
425 848 441 863 et
452 847 492 863 tunc
504 847 521 863 in
534 847 586 868 portis
601 847 669 863 maioris
685 846 754 862 ecclesie
766 845 851 865 Avinion„
865 846 883 862 ut

137 873 157 889 ad
176 878 283 890 communem
304 873 380 889 omniurn
400 873 478 889 noticiam
498 873 581 894 premissa
600 873 725 892 deducerentur,
742 873 796 889 affixis
815 872 882 894 plenius

136 900 233 916 continetur⁴
257 900 294 916 Nos
313 900 423 919 attendentes,
443 900 488 921 quod
504 904 539 916 non
558 900 605 916 decet
624 904 655 916 nec
672 899 739 921 expedit
756 899 882 921 prenominatos

136 926 227 948 sacrilegos
245 927 261 943 et
276 931 387 948 quoscunque
405 927 448 943 alios
466 931 517 948 super
534 926 630 943 huiusmodi
643 926 730 943 horrendis
745 926 762 942 et
779 925 882 942 detestandis

135 953 232 970 excessibus
245 953 269 970 eis
287 953 380 974 prestantes
397 953 482 973 auxilium,
500 953 591 970 consilium
604 954 620 969 et
633 953 707 970 favorem
725 953 790 974 absque
807 952 882 969 animad-

136 980 212 996 versione
232 980 288 996 debita
308 980 402 1001 relinquere
422 980 528 1000 incorrectos,
550 980 648 996 discrecioni
668 980 722 996 vestre
741 984 771 1001 per
790 979 882 1001 apostolica

137 1007 197 1028 scripta
209 1007 329 1023 committimus
342 1007 358 1023 et
370 1007 475 1026 mandamus,
488 1008 571 1028 quatenus
583 1011 614 1023 vos
626 1007 653 1023 vel
665 1007 699 1023 duo
714 1007 742 1023 aut
754 1011 797 1023 unus
809 1007 882 1023 vestrum

136 1038 165 1054 per
176 1038 207 1050 vos
219 1033 245 1050 vel
258 1033 308 1050 aliurn
321 1038 351 1050 seu
363 1034 405 1050 alios
418 1038 477 1050 omnes
490 1034 506 1050 et
519 1034 596 1054 singulos
608 1034 676 1050 clericos
689 1034 705 1050 et
715 1034 772 1055 laycos
785 1033 881 1049 huiusmodi

136 1060 217 1081 sacrilegii
231 1061 321 1081 patratores
334 1065 400 1077 necnon
412 1065 447 1080 eos,
460 1060 489 1081 qui
501 1065 553 1081 super
564 1061 589 1077 eis
604 1060 679 1077 dederint
695 1060 780 1080 auxilium,
792 1059 882 1076 consilium

135 1087 161 1103 vel
181 1087 254 1103 iavorern
271 1087 370 1108 generaliter
387 1092 416 1108 per
434 1092 493 1103 omnes
511 1087 590 1104 ecclesias
603 1088 618 1104 et
636 1087 677 1107 loca,
693 1087 709 1103 in
727 1087 788 1108 quibus
803 1086 882 1108 expedire

136 1113 214 1132 videritis,
226 1114 379 1130 excommunicatos
392 1114 408 1130 et
419 1114 569 1130 anathematizatos
581 1114 647 1135 publice
659 1114 742 1130 nuncietis
754 1114 770 1130 et
781 1113 845 1130 faciatis
860 1114 881 1130 ab

136 1140 172 1156 aliis
185 1140 259 1156 nunciari
271 1141 287 1156 et
299 1140 320 1156 de
333 1140 411 1161 predictis
424 1140 503 1157 omnibus
516 1141 532 1157 et
545 1141 616 1161 singulis
634 1141 650 1157 et
662 1145 681 1157 ea
694 1141 731 1162 (sic)
744 1140 881 1161 contingentibus

136 1167 232 1183 auctoritate
244 1168 300 1183 nostra
313 1167 410 1188 simpliciter
418 1168 434 1183 et
442 1167 463 1183 de
475 1167 527 1188 plano
540 1167 576 1183 sine
589 1167 656 1188 strepitu
666 1168 682 1183 et
690 1167 743 1188 tigura
757 1166 813 1183 iudicii
826 1166 881 1183 solerti

136 1194 152 1209 et
164 1193 209 1209 tideli
227 1193 301 1210 adhibita
319 1193 409 1215 diligencia
426 1194 459 1210 tam
478 1194 494 1210 in
507 1194 567 1210 vestris
579 1194 673 1210 civitatibus
686 1195 702 1210 et
716 1193 813 1210 diocesihus
831 1198 881 1214 quam

136 1220 176 1236 locis
185 1220 227 1239 aliis,
236 1220 257 1236 de
266 1220 327 1241 quibus
339 1220 417 1241 expedire
429 1220 509 1240 videritis,
522 1225 552 1237 vos
565 1220 657 1237 intormetis
669 1222 685 1237 et
697 1220 781 1242 predictos
793 1220 854 1236 milites
865 1220 882 1236 et

136 1251 195 1263 omnes
215 1247 231 1262 et
254 1247 330 1267 singulos
350 1247 393 1263 alios
413 1247 481 1263 clericos
505 1248 522 1263 et
541 1247 597 1269 laycos
619 1247 733 1268 cuiuscunque
753 1247 881 1268 preeminencie,

136 1273 227 1294 dignitatis,
240 1273 308 1293 ordinis,
321 1274 373 1290 status
385 1274 411 1290 vel
429 1273 534 1290 condicionis
552 1274 628 1293 existant,
646 1278 690 1295 quos
702 1278 732 1295 per
743 1274 881 1290 informacionem

136 1299 232 1316 huiusmodi
256 1300 360 1321 reppereritis
379 1300 485 1317 commisisse
508 1302 536 1317 aut
553 1301 634 1317 committi
656 1301 716 1317 iecisse
741 1300 766 1317 vel
792 1300 881 1317 mandasse

136 1326 219 1347 predictos
231 1331 318 1346 excessus,
336 1328 364 1343 aut
377 1327 392 1343 in
405 1327 429 1343 eis
442 1327 567 1343 committendis
579 1327 671 1348 prestitisse
689 1327 774 1347 auxilium,
791 1327 881 1344 consilium

135 1353 161 1369 vel
179 1353 258 1372 tavorem,
277 1353 352 1370 nominat
364 1354 380 1370 in
393 1353 431 1375 (sic)
444 1354 507 1370 tamdiu
526 1354 681 1371 excommunicatos
699 1354 715 1370 et
732 1353 881 1370 anathematizatos

135 1379 195 1396 diebus
207 1380 297 1396 dominicis
310 1380 326 1396 et
337 1380 407 1400 testiviS,
419 1380 489 1401 pulsatis
502 1381 589 1402 campanis
601 1382 617 1397 et
625 1381 699 1397 candelis
707 1381 782 1397 accensis
791 1381 807 1397 ln
816 1380 880 1397 eisdem

136 1406 210 1423 ecclesiis
230 1407 279 1428 atque
298 1407 339 1423 locis
359 1411 395 1423 cum
416 1407 469 1423 maior
484 1407 500 1423 in
522 1407 546 1424 eis
565 1407 603 1424 cleri
616 1408 632 1424 et
646 1408 705 1429 populi
724 1408 773 1424 tuerit
792 1407 881 1424 multitudo
