3720 5932
896 289 957 347 101

179 499 363 574 vacantem,
385 496 480 561 cuius
497 496 631 573 tructus,
649 493 796 560 redditus
814 497 846 560 et
863 496 1046 585 prouentus
1064 493 1284 578 quadraginta
1302 492 1451 576 quinque
1467 491 1670 557 florenorum

180 603 249 666 auri
280 602 464 667 secundum
488 603 697 667 taxacionem
722 601 851 667 decime
875 601 1024 692 volorem
1050 619 1198 666 annuum
1230 617 1298 665 non
1330 597 1503 677 excedunt,
1535 598 1671 664 eciamsi

181 711 223 775 sit
246 710 328 775 alias
353 709 574 794 disposicioni
592 708 777 793 apostolice
794 711 969 787 reservata,
995 724 1070 774 cum
1095 708 1253 774 omnibus
1267 707 1394 772 iuribus
1411 707 1442 771 et
1459 704 1672 790 pertinenciis

181 817 250 882 suis
287 816 471 901 apostolica
506 816 567 882 tibi
603 815 796 881 auctoritate
832 815 1034 881 conterimus
1065 816 1098 880 et
1132 814 1174 880 de
1209 813 1263 879 illa
1299 813 1404 879 eciam
1445 811 1671 896 providemus,

181 923 406 1002 decernentes,
432 925 530 1008 prout
551 932 601 988 est
617 923 742 988 irritum
759 924 791 988 et
807 922 916 997 inane,
942 922 970 987 si
995 940 1091 987 secus
1116 939 1217 1005 super
1240 920 1304 985 hiis
1320 939 1338 985 a
1357 936 1529 1004 quoquam
1554 917 1672 1003 quavis

181 1031 374 1095 auctoritate
422 1030 564 1096 scienter
609 1029 662 1094 vel
700 1029 891 1114 ignoranter
922 1030 1152 1113 attemptatum
1192 1028 1304 1093 forsan
1342 1028 1392 1092 est
1426 1026 1586 1091 hactenus
1621 1024 1673 1090 vel

183 1138 403 1222 imposterum
439 1137 615 1220 contigerit
649 1137 846 1221 attemptari.
892 1136 970 1201 Non
1006 1135 1219 1201 obstantibus
1254 1136 1314 1199 etc.
1361 1131 1451 1197 Nulli
1488 1150 1567 1217 ergo
1597 1133 1672 1197 ete:

288 1279 410 1345 Datum
450 1277 538 1363 apud
575 1278 694 1344 Villam
732 1279 864 1345 Novam
902 1277 1140 1344 Avinionensis
1176 1277 1320 1342 diocesis
1351 1275 1402 1340 Vl.
1428 1274 1503 1341 idus
1533 1273 1612 1340 Julii
1644 1293 1672 1340 a.

184 1388 317 1452 octavo.

290 1529 324 1593 ln
340 1528 460 1594 eodem
476 1527 580 1593 modo
595 1567 640 1574 —
657 1527 795 1594 Dilectis
810 1527 888 1593 liliis
906 1579 912 1592 .
931 1579 938 1592 .
956 1578 963 1592 .
980 1526 1100 1594 Sancte
1108 1526 1214 1592 Marie
1230 1527 1263 1592 in
1277 1524 1384 1591 Arena
1393 1524 1674 1590 Wratislauiensis

184 1636 214 1700 et
246 1634 357 1701 Sancti
388 1635 558 1700 Vincencii
598 1653 703 1719 prope
731 1635 973 1700 Wratislauiam
999 1634 1278 1700 monasteriorum
1303 1632 1480 1698 abbatibus
1506 1650 1543 1697 ac
1568 1682 1574 1694 .
1602 1683 1607 1694 .
1634 1682 1641 1695 .
1668 1681 1674 1695 .

184 1741 312 1807 decano
337 1741 475 1807 ecclesie
500 1741 532 1807 S.
558 1740 703 1826 Agricoli
728 1739 966 1807 Avinionensis
991 1740 1131 1806 salutem
1157 1743 1217 1805 etc.

288 1884 411 1949 Datum
437 1886 472 1949 ut
496 1902 605 1968 supra.

292 2063 315 2130 1)
334 2061 458 2115 Bdsdori.

188 2364 257 2418 1353
276 2364 353 2418 Febr.
373 2365 397 2418 7.

185 2453 250 2523 Reg.
272 2453 331 2507 Vat.
350 2455 368 2506 t.
388 2451 448 2507 235.
468 2452 514 2506 iol.
534 2453 576 2507 23.

188 2649 392 2728 Carissimo
422 2655 459 2726 in
490 2649 641 2728 Christo
670 2651 747 2729 lilio
772 2646 947 2742 iohanni,
978 2650 1068 2753 Regi
1093 2651 1245 2729 Francie
1270 2651 1396 2729 illustri
1426 2652 1581 2729 salutem
1612 2653 1678 2728 etc.

294 2810 442 2875 Dilectus
461 2809 550 2875 lilius
571 2810 730 2894 magister
746 2809 862 2875 Petrus
876 2810 917 2875 de
932 2809 1085 2889 Caritate,
1103 2812 1285 2877 canonicus
1302 2810 1478 2877 Parisiens.
1493 2811 1526 2875 in
1540 2813 1680 2894 utroque

188 2918 256 2982 iure
273 2916 475 2994 licenciatus,
494 2915 704 2982 consiliarius
721 2919 753 2982 et
768 2917 906 2983 nuntius
923 2919 1001 2984 tunc
1025 2917 1109 2982 lator
1125 2918 1344 3002 presencium,
1371 2917 1428 3001 qui
1452 2917 1633 2982 commissa
1650 2918 1681 2981 ei

188 3023 330 3108 negocia
346 3026 412 3101 tua,
435 3024 502 3087 tam
528 3023 617 3108 apud
634 3023 675 3088 le.
694 3042 737 3089 re.
785 3022 992 3089 Clementem
1019 3042 1140 3108 papam
1157 3024 1208 3088 Vl.
1227 3023 1497 3108 predecessorem
1519 3025 1681 3101 nostrum,

189 3130 268 3195 dum
285 3130 420 3208 viveret,
445 3148 557 3213 quam,
582 3129 702 3195 eodem
721 3130 936 3214 predcessore
954 3131 1086 3196 sublato
1104 3129 1145 3195 de
1163 3129 1285 3221 medio,
1307 3129 1397 3214 apud
1419 3147 1483 3194 nos
1505 3128 1683 3213 prudenter

189 3239 221 3302 et
245 3236 394 3321 provide,
430 3235 578 3302 adhibita
604 3236 733 3302 solicita
757 3236 946 3322 diligencia,
972 3237 1130 3321 prosequi
1156 3235 1292 3314 studuit,
1328 3235 1369 3301 ad
1404 3238 1436 3300 te
1471 3235 1512 3300 ad
1545 3254 1682 3320 presens

189 3345 367 3421 revertitur,
385 3361 403 3408 a
421 3360 488 3427 quo
507 3343 667 3427 quicquid
692 3343 725 3409 in
743 3344 895 3428 negociis
913 3344 996 3429 ipsis
1013 3346 1120 3409 actum
1139 3345 1189 3408 est
1205 3346 1238 3408 et
1254 3342 1394 3427 qualiter
1415 3360 1478 3408 nos
1500 3343 1683 3428 peticiones

190 3468 249 3535 pro
275 3453 366 3534 parte
389 3452 446 3515 tua
471 3450 571 3516 nobis
595 3450 760 3516 exhibitas
785 3450 932 3535 benigne
956 3450 1142 3534 recepimus
1167 3451 1198 3515 et
1223 3468 1290 3528 eas,
1320 3452 1482 3534 quantum
1507 3468 1581 3515 cum
1617 3449 1683 3515 deo

190 3559 372 3641 potuimus,
398 3555 438 3622 ad
457 3555 686 3622 exaudicionis
711 3557 855 3641 graciam
880 3556 1037 3622 duximus
1061 3556 1295 3635 admittendas,
1321 3556 1437 3623 audies
1457 3557 1583 3623 seriose
1600 3557 1685 3623 sicut

189 3684 208 3730 a
231 3683 306 3729 ven.
331 3663 426 3728 lratre
450 3665 566 3728 nostro
591 3662 760 3742 Guidone,
792 3664 954 3748 episcopo
979 3662 1147 3742 Portuen,
1180 3663 1237 3747 qui
1262 3663 1303 3728 ad
1329 3666 1437 3747 partes
1462 3663 1554 3747 ipsas
1579 3681 1686 3747 nuper

192 3790 227 3837 se
252 3770 402 3849 contulit,
434 3771 594 3836 serenitas
619 3772 674 3835 tua
699 3770 808 3855 potuit
831 3770 936 3836 eciam
960 3769 1139 3836 audivisse.
1176 3769 1211 3835 Si
1235 3772 1345 3836 autem
1370 3770 1571 3855 peticionem
1596 3770 1685 3836 illam

191 3897 291 3962 super
314 3876 525 3943 conterendis
549 3877 802 3942 canonicatibus
826 3880 892 3942 tam
915 3876 1152 3943 cathedralium
1182 3894 1283 3960 quam
1307 3876 1443 3942 aliarum
1472 3876 1684 3943 ecclesiarum

191 3985 284 4068 regni
296 3985 343 4049 tui
357 3983 509 4069 personis
524 4001 582 4066 per
593 3984 624 4048 te
638 3983 854 4049 nominandis
871 4001 946 4050 cum
965 3984 1193 4050 reservacione
1210 3983 1454 4067 prebendarum
1472 3983 1684 4049 ecclesiarum

192 4091 338 4175 ipsarum
362 4087 637 4156 conferendarum
664 4091 817 4175 personis
842 4089 969 4156 eisdem
995 4091 1133 4156 nomine
1156 4091 1214 4155 tuo
1239 4090 1339 4155 nobis
1370 4089 1551 4155 exhibitam
1577 4091 1610 4155 in
1646 4109 1686 4156 ea

192 4198 307 4276 torma,
333 4199 366 4263 in
392 4216 458 4282 qua
484 4198 629 4264 exhibita
645 4197 759 4274 iuerat,
785 4214 853 4262 non
871 4196 1027 4262 duximus
1052 4195 1303 4275 admittendam,
1328 4215 1370 4261 eo
1394 4195 1559 4262 credimus
1584 4215 1685 4281 equa-

192 4305 324 4369 nimiter
347 4304 492 4389 amplius
515 4307 547 4369 te
564 4304 717 4382 laturum,
743 4321 811 4387 quo
834 4303 1045 4387 importabile
1070 4302 1324 4387 quodammodo
1349 4321 1436 4369 onus
1465 4304 1494 4368 ei
1520 4303 1686 4369 similibus

193 4411 312 4496 graciis
340 4411 500 4477 hactenus
530 4411 726 4495 impositum
765 4410 892 4475 eisdem
929 4409 1078 4475 ecclesiis
1114 4409 1337 4475 adiectionem
1374 4410 1538 4476 ulterioris
1575 4411 1686 4475 oneris

194 4536 262 4582 non
287 4516 417 4583 admitit
438 4518 599 4603 quinymo
623 4517 871 4602 compassionis
895 4515 1050 4582 attectum
1075 4535 1155 4602 ergo
1180 4517 1272 4601 ipsas
1296 4517 1453 4584 ecclesias
1478 4517 1581 4601 exigit
1597 4519 1628 4582 et
1645 4518 1686 4583 ab

195 4625 416 4709 imposicione
441 4625 568 4690 sarcine
592 4625 754 4709 gravioris
780 4622 897 4688 suadet
921 4623 1166 4708 presencialiter
1197 4623 1445 4690 abstinendum.
1493 4623 1542 4688 Tu
1571 4624 1686 4702 eciam,

194 4731 363 4797 carissime
391 4730 449 4809 iili,
487 4731 696 4797 allectionem
723 4734 754 4796 et
789 4730 967 4809 caritatem,
1003 4749 1103 4815 quam
1140 4729 1182 4795 ad
1218 4733 1250 4795 te
1285 4748 1495 4815 regnumque
1534 4733 1627 4795 tuum
1654 4731 1686 4794 in

195 4838 382 4903 minoribus
407 4838 577 4902 constituti
602 4838 792 4916 habuimus,
817 4837 977 4902 hactenus
1002 4836 1158 4915 didicisti,
1184 4855 1260 4920 que,
1293 4836 1371 4901 dum
1397 4855 1472 4902 cum
1505 4839 1687 4921 angmento

123 4986 127 4994 ·
196 4946 299 5010 status
332 4944 448 5008 virium
487 4961 623 5028 quoque
653 4945 854 5010 incrementa
880 4945 1038 5028 suscepit,
1062 4946 1174 5009 tenere
1199 4942 1303 5009 debes
1328 4943 1477 5016 indubie,
1507 4943 1599 5027 quod
1624 4962 1688 5008 nos

195 5052 282 5116 votis
306 5051 383 5129 tuis,
415 5053 575 5134 quantum
601 5069 675 5116 cum
701 5050 766 5116 deo
789 5068 983 5135 possumus,
1008 5050 1149 5116 libenter
1172 5050 1352 5115 annuimus
1377 5052 1409 5114 et
1437 5067 1475 5113 ea
1501 5050 1687 5133 oportunis

196 5176 238 5223 eo
263 5159 431 5242 prestante
455 5157 634 5236 tavoribus,
660 5174 914 5241 prosequamur.

304 5300 427 5365 Datum
453 5297 619 5363 llvinione
643 5298 706 5363 Vll.
732 5299 807 5364 idus
832 5298 1002 5364 Februarii
1027 5318 1055 5364 a.
1080 5299 1199 5384 primo.
