3720 5932
821 312 1034 405 -4-’1-

287 519 556 605 Denique-certe
591 536 660 585 non
696 520 935 604 praetereunda
970 522 1020 586 est
1055 520 1154 586 etiam
1178 517 1372 585 constitutio
1397 536 1440 584 sc.
1480 517 1668 596 „Dudum

184 646 329 695 omnes
361 623 711 712 canonicatus“1)
743 626 797 693 die
824 627 873 693 19.
898 626 978 693 Dec.
1007 626 1089 692 1352
1114 625 1211 705 edita,
1241 644 1307 710 qua
1330 625 1484 691 Pontifex
1514 644 1669 710 expresse

184 735 334 814 declarat,
374 733 505 800 decreta
542 731 737 817 Apostolica
776 735 860 801 circa
896 733 1034 801 liberam
1073 733 1292 800 retentionem
1331 732 1450 818 prioris
1496 731 1669 799 cuiusdam

182 841 336 909 beneficii
372 839 635 925 incompatibilis
671 858 745 906 cum
782 839 931 906 secundo
967 841 1159 907 auctoritate
1193 838 1388 924 Apostolica
1422 839 1561 906 obtento
1592 840 1612 905 i.
1643 859 1670 906 e.

181 948 323 1029 decreta,
363 945 521 1032 „perinde
555 945 683 1012 valere“
721 946 884 1013 beneficia
919 947 1011 1031 prius
1035 949 1202 1032 acceptata
1233 947 1276 1012 ita
1301 947 1440 1026 afficere,
1475 947 1567 1012 utin
1591 965 1670 1013 casu
1718 996 1722 1007 .

178 1054 367 1122 vacationis
391 1052 609 1138 dispositioni
633 1051 848 1138 Apostolicae
873 1053 1012 1119 omnino
1038 1056 1208 1120 manerent
1232 1054 1390 1129 subiecta.

288 1194 571 1263 Innocentius
595 1194 687 1280 Papa
702 1193 792 1282 v1.2)
817 1197 998 1280 postquam
1022 1195 1077 1261 die
1093 1195 1145 1261 29.
1159 1195 1233 1262 Jan.
1255 1194 1372 1282 1353³)
1396 1195 1670 1262 constitutionem

183 1304 519 1389 ,Experimento
566 1301 823 1369 didicimus“
865 1321 883 1367 a
922 1301 1102 1368 Benedicto
1142 1302 1398 1387 praedecessore
1438 1321 1500 1369 suo
1547 1303 1670 1369 editam

182 1410 286 1495 (1335
309 1410 389 1477 Dec.
416 1394 470 1491 18)
497 1410 593 1493 quasi
617 1411 820 1476 verbotenus
851 1410 1037 1476 reiterando
1068 1428 1187 1475 omnes
1217 1409 1340 1494 gratias
1365 1410 1605 1494 exspectativas
1629 1410 1671 1475 ab

186 1517 453 1587 antecessoribus
484 1517 554 1582 suis
585 1516 687 1583 133133
718 1516 892 1595 revocavit,
933 1516 966 1581 in
1006 1516 1170 1600 principio
1209 1517 1260 1582 sui
1300 1516 1513 1601 pontificatus
1552 1533 1672 1582 omnes

189 1623 381 1709 dignitates,
412 1626 620 1707 personatus,
654 1623 764 1689 officia
798 1625 973 1707 ceteraque
1009 1622 1171 1689 beneficia
1206 1623 1426 1690 ecclesiastica
1451 1625 1529 1690 tunc
1564 1621 1671 1707 apud

192 1728 334 1797 Sedem
371 1726 638 1813 Apostolicam
677 1731 828 1796 vacantia
867 1731 899 1795 et
938 1730 971 1795 in
1011 1733 1107 1796 antea
1145 1732 1298 1797 vacatura
1338 1748 1418 1797 suae
1457 1729 1671 1814 dispositioni

194 1835 398 1923 13331313114)
421 1854 496 1903 33111
521 1836 679 1902 3111311310
704 1836 836 1903 decreto
861 1837 1004 1902 irritante
1028 1837 1062 1902 in
1086 1836 1191 1902 forma
1216 1839 1385 1904 consueta.

294 1978 394 2046 Porro
416 1981 561 2064 vestigia
596 1978 891 2064 praedecessorum
926 1997 1062 2045 suorum
1087 1998 1253 2064 premens,
1287 1979 1406 2046 eodem
1431 1980 1534 2046 modo
1559 1981 1673 2046 omnia

190 2085 348 2155 beneficia
381 2087 604 2153 ecclesiastica
639 2104 713 2152 cum
750 2104 826 2152 cura
850 2088 882 2152 et
906 2104 1125 2171 quaecunque
1150 2105 1209 2171 per
1232 2088 1475 2153 assecutionem
1500 2086 1672 2171 pacificam

186 2193 424 2278 parochialium
481 2193 693 2260 ecclesiarum
740 2195 787 2283 et
819 2193 1057 2260 beneficiorum
1114 2193 1410 2260 ecclesiasticorum
1458 2212 1516 2278 per
1562 2195 1672 2278 ipsum

80 2299 84 2304 ’
184 2299 382 2367 Pontificem
408 2318 468 2367 seu
493 2300 684 2367 auctoritate
709 2317 769 2365 sua
804 2300 999 2366 collatorum
1024 2300 1112 2366 etin
1150 2304 1247 2367 antea
1282 2294 1558 2367 conferendorum
1582 2302 1674 2367 tunc

183 2408 334 2473 vacantia
359 2407 457 2473 etin
482 2409 682 2492 posterum
708 2409 859 2473 vacatura
884 2426 964 2474 3333
989 2407 1199 2494 reservavit5)
1221 2406 1485 2493 'dispositioni.⁶)

291 2548 424 2616 Deinde
441 2551 635 2617 constitutio
656 2549 857 2626 ,Pastoris
882 2550 1058 2616 aeterni“
1072 2549 1096 2636 7)
1114 2587 1157 2596 -
1177 2549 1260 2616 1353
1276 2551 1357 2616 Maii
1378 2551 1417 2616 18
1433 2589 1477 2597 -
1493 2551 1536 2616 ab
1553 2550 1673 2617 eodem

185 2655 349 2724 Pontifice
374 2656 495 2724 directa
519 2660 569 2724 est
592 2659 706 2724 contra
730 2658 908 2723 retinentes
925 2658 957 2722 vi
975 2656 1182 2741 quarundam
1199 2658 1389 2724 Litterarum
1407 2656 1674 2742 Apostolicarum

186 2763 299 2848 plures
335 2764 548 2849 praelaturas,
583 2765 759 2849 prioratus,
797 2763 986 2848 dignitates
1023 2765 1185 2830 beneficia
1209 2767 1269 2830 etc.
1294 2766 1379 2831 certe
1407 2782 1482 2830 cum
1507 2765 1673 2849 prioribus

186 2870 522 2956 incompatibilia.
570 2870 774 2936 Huiusmodi
821 2870 960 2937 Litteras
1007 2872 1301 2955 praedecessorum
1341 2889 1478 2937 suorum
1517 2870 1674 2937 irritando

190 2977 272 3054 ,hac
295 2978 386 3044 vice“
413 2997 532 3044 omnes
557 2980 589 3045 et
625 2978 776 3062 singulas
811 2978 1029 3043 commendas
1054 2981 1085 3044 et
1109 2963 1345 3061 concessiones
1370 2978 1454 3055 dicti¹
1476 2979 1608 3063 generis
1633 2978 1675 3044 de

189 3085 447 3170 quibuscunque
494 3085 738 3152 cathedralibus
786 3085 837 3151 vel
884 3086 958 3152 aliis
1006 3085 1162 3162 ecclesiis,
1209 3085 1431 3163 monasteriis,
1471 3085 1675 3171 praelaturis,

187 3192 398 3277 prioratibus,
424 3192 642 3277 dignitatibus
667 3196 726 3259 etc.
752 3230 795 3238 --
819 3193 965 3277 exceptis
989 3195 1116 3258 tantum
1141 3192 1417 3258 concessionibus
1442 3191 1675 3260 Cardinalibus

186 3299 281 3366 factis
305 3338 350 3347 -
373 3300 587 3365 revocavit.

294 3442 451 3527 Denique
476 3443 642 3527 praefatus
665 3442 829 3520 Pontiferr‚
858 3460 934 3509 cum
961 3442 1174 3526 dispendium
1199 3459 1268 3506 non
1293 3440 1462 3506 modicum
1487 3460 1527 3507 ex
1551 3460 1676 3526 magno

187 3550 428 3616 beneficiorum
472 3553 712 3615 reservatorum
752 3567 891 3615 numero
931 3550 1133 3634 proveniens
1172 3566 1343 3614 removere
1382 3547 1580 3628 intenderet,
1623 3549 1677 3614 die

252 3818 275 3885 1)
294 3816 362 3871 Cod.
382 3816 412 3870 B.
432 3815 478 3868 fol.
500 3816 647 3870 140—141.

295 3904 364 3959 Cod.
384 3905 416 3959 V.
437 3904 483 3958 fol.
503 3904 546 3958 97.

295 3994 324 4048 Ρ.
345 3995 398 4048 Vll.
418 3993 455 4048 n⁰
472 3993 515 4048 46.

251 4101 561 4169 2)1Ξ133133Α33310113
581 4100 625 4154 die
646 4102 686 4156 18.
706 4101 772 4155 Dec.
794 4101 861 4156 1352
880 4132 915 4138 —
934 4103 1073 4155 coronatas
1093 4102 1193 4156 ibidem
1213 4100 1257 4154 die
1276 4101 1318 4155 30.
1339 4116 1361 4154 3.
1382 4115 1417 4153 m.

253 4209 275 4278 θ)
295 4210 360 4280 neg.
380 4210 441 4263 Vat.
461 4211 479 4264 t.
500 4210 549 4263 221
571 4210 606 4262 n⁰
624 4208 666 4263 33.

297 4297 365 4354 Cod.
385 4298 415 4353 B.
435 4298 480 4352 fol.
503 4297 649 4352 142-145.
750 4334 756 4343 -

297 4387 366 4442 Cod.
386 4388 418 4441 V.
438 4387 484 4442 101.
504 4388 538 4442 98
558 4386 627 4457 (sine
645 4386 757 4456 verbis).

252 4495 275 4564 4)
295 4496 361 4565 Reg.
380 4494 467 4549 Aven.
488 4495 635 4549 Innocentii
654 4494 697 4548 Vl.
717 4495 735 4548 t.
758 4494 769 4547 l
790 4493 835 4547 fol.
856 4493 903 4556 80;
923 4493 940 4545 t.
963 4491 1059 4545 12101.
1079 4490 1162 4546 2311Ο
1181 4494 1230 4547 313.

298 4584 421 4653 Speciale
440 4600 505 4639 vero
525 4585 662 4639 decretum
683 4599 769 4653 usque
788 4582 878 4637 adhuc
896 4596 1030 4649 nusquam
1050 4583 1164 4649 reperire
1183 4583 1267 4649 potui.

253 4691 275 4762 ⁶)
296 4692 361 4763 Reg.
380 4692 467 4747 Aven.
487 4693 504 4747 l.
524 4709 546 4747 c.
565 4695 584 4747 t.
605 4691 703 4746 23101,
723 4687 816 4744 39110.

297 4781 326 4835 P.
345 4781 399 4836 Vll.
418 4780 453 4834 11⁰
471 4782 514 4835 47.

254 4889 276 4957 6)
296 4889 396 4948 Reiecit
415 4903 480 4942 vero
499 4887 625 4942 Pontifex
638 4889 795 4957 petitionem
808 4885 942 4941 Johannis
961 4884 1042 4956 Regis
1055 4884 1180 4939 Franciae
1194 4898 1277 4953 super.
1294 4887 1464 4942 conferendis
1477 4888 1680 4942 canonicatibus

191 4979 246 5032 tam
266 4978 460 5032 cathedralium
480 4993 560 5046 quam
581 4978 691 5031 aliarum
711 4977 885 5030 ecclesiarum
909 4990 970 5029 cum
990 4975 1171 5028 reservatione
1190 4974 1403 5042 praebendarum
1423 4980 1546 5044 personis
1565 4978 1598 5031 ab
1618 4978 1680 5046 ipso

192 5067 266 5137 Rege
285 5066 506 5121 nominandis.
526 5097 561 5103 —
582 5066 650 5119 1353
668 5065 745 5120 Febr.
765 5065 781 5119 7
800 5095 836 5103 -
855 5064 930 5134 (fleg.
949 5063 1009 5117 Vat.
1029 5064 1046 5116 t.
1067 5062 1118 5117 235
1137 5062 1184 5116 101.
1204 5064 1251 5127 23;
1270 5094 1304 5101 --
1323 5064 1352 5117 Ρ.
1372 5064 1426 5118 Vll.
1446 5065 1482 5118 n⁰
1501 5066 1555 5133 48).

254 5173 276 5241 3
296 5174 361 5244 neg.
382 5173 442 5226 33.
461 5173 479 5226 t.
499 5172 548 5226 221
570 5170 615 5225 for.
635 5170 767 5225 311032.

298 5262 367 5317 eoa.
388 5261 482 5316 13101.
504 5259 652 5314 115-111.

298 5352 326 5407 P.
346 5351 400 5407 v11.
420 5349 516 5405 11049.
