1023 1631
500 148 522 164 3⁹

140 200 180 217 dicu
198 200 262 217 biennii
282 204 336 222 usque
351 200 372 217 ad
387 200 431 217 duos
451 205 505 217 annos
526 201 586 218 extunc
605 200 681 222 proxime
696 200 836 223 subsequentest)
852 201 884 218 sub

139 226 203 244 eisdem
220 226 295 248 modis¹⁵)
307 227 323 244 et
340 227 468 244 condicionibus
486 227 593 244 extendimus
609 227 668 244 tenore
679 228 784 249 presencium
799 228 816 244 et
831 228 883 244 eciam

140 258 256 275 prorogamus.
279 253 325 270 Nulli
337 258 378 275 ergo
390 254 420 271 etc.

192 284 253 302 Datum
266 284 349 302 Avinione
360 285 386 302 Vl.
398 285 437 302 idus
449 285 535 302 Februarii
547 290 562 302 a.
575 285 638 307 quarto.

171 338 183 356 ι)
193 338 238 352 deut:
248 338 264 352 v.

170 360 182 378 η
192 360 209 374 ef.
218 361 238 374 nv
246 361 268 375 34.

168 382 181 400 Ι)
192 383 252 397 decreta:
261 383 277 396 V.

170 405 182 423 ⁴)
192 405 295 423 subsequentis:
305 405 321 419 V.

169 427 181 446 ὅ)
191 427 239 441 modo:
249 428 265 441 V.

498 486 530 506 36.

140 512 173 526 134⁴
183 512 213 526 ott
225 512 236 526 1.

138 534 172 548 Ond.
182 534 197 548 Β.
208 534 230 548 iol⁴
242 534 314 548 122—123.

138 579 236 600 Relaxacio
255 585 290 605 pro
308 580 457 605 exspectantibus
475 580 498 599 ad
517 580 612 600 biennium
630 580 654 600 de
670 581 765 600 beneficiis
781 581 883 600 reservatis.

221 615 311 635 Clemens
325 616 426 641 episcopus
441 616 474 635 etc.
503 615 534 635 Ad
549 616 628 635 futuram
643 617 668 635 rei
683 617 799 636 memoriam.

192 655 293 673 Romanus
305 655 397 677 pontifex
409 655 508 676 plerumque
524 656 572 677 gesta
583 656 610 672 vel
622 656 697 672 ordinata
714 660 743 677 per
760 660 799 672 eum
819 657 884 673 revocat

139 686 168 698 seu
180 682 272 698 commutat
280 682 296 698 in
310 682 375 702 melius,
385 683 433 703 prout
446 682 502 703 auriga
511 682 583 699 racionis
592 683 648 703 previa
661 682 693 699 hoc
704 683 786 704 conspicit
798 683 885 699 salubriter

138 709 154 725 et
166 709 226 725 utiliter
238 708 320 730 expedire.
339 708 381 725 Cum
391 709 451 730 itaque,
460 709 502 725 sicut
515 714 534 725 ea
547 709 670 730 iidedignorum
683 709 765 726 relacione
773 709 884 731 percepimus,

139 735 206 756 propter
225 735 349 752 reservaciones
367 735 388 751 de
407 736 456 752 certis
472 736 598 752 canonicatibus
617 737 633 752 et
650 736 740 757 prebendis
759 741 778 752 ac
798 736 884 753 beneficiis

138 762 254 778 ecclesiasticis
267 762 378 783 disposicioni
391 763 446 778 nostre
458 767 477 778 ac
489 762 535 778 sedis
548 763 639 783 apostolice
652 767 681 784 per
693 768 724 779 nos
736 763 792 782 factas,
805 763 860 784 plures
869 764 885 779 et

138 788 203 805 diverse
221 793 293 810 persone
311 789 427 808 ecclesiastice,
447 789 509 810 quibus
527 789 547 805 de
567 789 693 806 canonicatibus
713 794 749 806 curn
770 790 884 806 reservacione

140 815 260 837 prebendarum
280 817 296 833 in
314 817 384 833 diversis
402 817 435 833 tam
454 815 576 833 cathedralibus
595 821 644 838 quam
663 817 755 838 collegiatis
767 817 842 834 ecclesiis
854 822 884 834 seu

139 843 191 860 eciam
203 843 224 859 de
237 843 322 860 beneficiis
339 843 455 860 ecclesiasticis
468 848 505 859 cum
518 848 556 859 cura
569 844 594 860 vel
612 844 648 860 sine
661 848 704 863 cura,
722 844 736 860 si
748 844 787 860 tunc
803 844 884 860 vacabant

138 870 163 886 vel
177 875 213 886 curn
226 871 303 886 vacarent
315 870 331 886 in
341 870 411 886 diversis
419 870 477 886 mundi
487 870 567 891 partibus,
580 875 609 891 per
620 871 686 887 nostras
698 871 736 887 certi
748 870 811 887 tenoris
823 870 884 887 litteras

138 897 171 913 tarn
188 897 204 912 in
220 897 288 917 speciali
307 901 357 918 quarn
378 897 394 913 in
414 897 499 913 communi
520 897 572 913 torma
592 897 689 913 auctoritate
708 897 801 918 apostolica
820 897 884 918 gracias

139 923 217 939 duximus
234 923 356 942 concedendas,
374 923 468 944 prebendas
486 924 502 939 et
521 923 602 940 beneficia
622 923 718 940 huiusmodi
739 924 845 945 expectantes
863 924 884 940 ab

138 950 247 966 assecucione
261 950 341 966 dictarum
355 950 452 971 graciarum,
472 950 496 966 eis
516 954 545 971 per
564 954 601 969 nos,
621 950 638 966 ut
658 950 741 971 prefertur,
761 955 884 970 concessarum,

139 976 203 993 diucius
221 977 281 993 tuerint
304 977 389 996 retardate,
413 977 480 998 propter
503 977 549 997 quod
568 976 625 993 eedem
650 981 726 998 persone.
745 977 762 993 ut
786 977 885 998 premittitur

139 1004 259 1024 exspectantes,
277 1008 297 1019 ex
315 1003 393 1024 predictis
411 1003 471 1024 graciis
489 1003 553 1019 nullum
572 1003 626 1019 adhuc
647 1003 754 1020 commodum
775 1004 884 1025 reportarunt,

139 1030 220 1051 quinyrno
233 1030 298 1046 labores
311 1030 397 1047 subierunt
410 1030 491 1051 plurimos
500 1030 516 1046 et
525 1034 613 1051 expensas.
637 1030 673 1046 Nos
683 1030 746 1046 eisdem
758 1026 884 1051 expectantibus

140 1057 168 1077 pio
181 1057 197 1073 in
210 1057 240 1073 hac
257 1058 302 1077 parte
318 1057 442 1078 compacientes
460 1056 520 1073 affectu
533 1061 551 1073 ec
563 1057 654 1078 cupientes,
673 1057 690 1073 ut
705 1056 777 1078 predicte
788 1057 843 1078 gracie
855 1061 885 1078 per

139 1088 171 1099 nos
180 1083 209 1102 eis,
222 1084 238 1099 ut
247 1083 331 1104 prefertur,
340 1088 419 1099 concesse
428 1088 477 1099 suurn
486 1083 579 1099 sortiantur
587 1083 669 1103 effectum,
681 1084 759 1100 volumus
768 1084 784 1100 et
792 1084 884 1105 apostolica

139 1110 235 1126 auctoritate
253 1110 363 1129 decernimus,
382 1110 433 1131 quod,
451 1110 580 1131 quibuscunque
592 1110 735 1126 reservacionibus
748 1110 849 1131 specialibus
863 1110 884 1127 de

139 1136 186 1152 certis
204 1137 330 1153 canonicatibus
348 1138 364 1153 ei
380 1137 470 1158 prebendis
488 1136 592 1157 singularum
610 1137 626 1153 et
643 1137 722 1153 certarum
741 1141 848 1157 personarum
867 1137 883 1153 in

139 1163 261 1179 cathedralibus
273 1163 298 1179 vel
311 1163 404 1184 collegiatis
422 1163 497 1179 ecclesiis
516 1163 644 1184 quibuscunque
662 1168 692 1179 seu
705 1163 725 1179 de
737 1163 785 1179 certis
798 1163 884 1180 beneficiis

139 1189 255 1206 ecclesiasticis
268 1190 347 1206 certarum
361 1194 468 1211 personarum
481 1194 519 1206 cum
532 1194 570 1206 cura
582 1190 608 1206 vel
621 1190 657 1206 sine
669 1194 707 1206 cura
719 1194 749 1211 per
760 1194 792 1206 nos
804 1190 884 1206 hactenus

140 1216 186 1232 iactis
199 1217 227 1232 aut
239 1216 255 1232 in
269 1217 353 1237 posterum
366 1216 447 1233 iaciendis
460 1221 567 1237 nequaquam
581 1216 693 1236 obstantibus.
706 1217 763 1238 preiati
778 1217 884 1238 expectantes

140 1244 225 1264 presentes
238 1243 298 1264 pariter
310 1243 392 1262 emuturi,
410 1243 504 1264 prebendas
517 1244 550 1259 tarn
563 1243 579 1259 in
594 1243 716 1260 cathedralibus
729 1248 779 1265 quarn
791 1243 884 1265 collegiatis

139 1269 213 1285 ecclesiis
228 1269 332 1290 supradictis,
351 1274 416 1286 necnon
430 1270 511 1286 beneficia
530 1270 642 1286 ecclesiastica
654 1274 691 1286 cum
704 1274 742 1286 cura
753 1270 780 1286 vel
792 1270 829 1286 sine
840 1274 884 1290 cura,

140 1300 172 1316 que
185 1296 242 1317 vigore
254 1296 334 1312 dictarum
347 1296 436 1313 litterarum
449 1297 543 1313 nostrarum
554 1297 651 1318 exspectant
663 1301 692 1313 seu
703 1297 755 1313 eciam
768 1297 884 1318 expectabunt,

140 1327 211 1343 quorum
230 1323 297 1344 quidem
315 1323 434 1339 beneficiorum
447 1323 515 1343 fructus,
533 1323 607 1340 redditus
625 1324 641 1340 et
659 1324 749 1345 proventus
762 1324 775 1340 sl
790 1328 827 1340 cum
845 1328 884 1340 cura

140 1349 226 1370 sexaginta
244 1350 258 1365 si
276 1354 314 1366 vero
332 1350 368 1366 sine
386 1354 423 1366 cura
441 1350 552 1371 quadraginta
571 1350 648 1366 librarum
660 1350 783 1367 Turonensium
795 1354 883 1371 parvorum

140 1376 232 1392 secundum
245 1376 348 1392 taxationem
361 1376 425 1393 decime
437 1377 510 1393 valorem
523 1381 598 1393 annuum
610 1381 644 1393 non
653 1377 738 1396 excedant,
751 1377 821 1398 proinde
833 1377 884 1393 libere

140 1403 225 1424 acceptare
237 1403 253 1419 et
265 1402 285 1419 de
298 1403 339 1424 ipsis
348 1403 380 1419 sibi
393 1403 475 1424 provideri
487 1403 541 1420 iacere
553 1403 618 1420 valeant
627 1408 646 1420 ac
654 1403 667 1420 si
677 1403 749 1425 predicte
761 1404 884 1420 reservaciones

815 1434 822 1448 7
