3720 5932
905 1394 950 1472 V.

93 1826 94 1830 .
180 1714 375 1800 Litterae
393 1720 661 1828 Apostolicae
696 1718 883 1800 ciusdem
916 1719 1083 1828 generis
1112 1747 1137 1798 a
1159 1719 1350 1823 Johanne
1374 1721 1506 1807 XXII.
1540 1750 1673 1830 usque

382 1878 436 1963 ad
470 1880 722 1990 Gregorium
756 1883 827 1964 XI.
862 1879 1083 1964 conlectae.
1148 1887 1466 1980 (1316-1378.)

286 2449 476 2579 «lohannes
510 2511 634 2599 XXll.1)
678 2513 939 2579 reservationum
975 2516 1042 2578 tam
1084 2513 1291 2598 generalium
1328 2532 1428 2598 quam
1476 2512 1671 2598 specialium

181 2623 327 2704 systema
351 2639 451 2705 quam
477 2621 621 2686 maxime
646 2618 829 2705 excoluit.)

286 2744 416 2810 Primae
459 2745 598 2813 Litterae
635 2744 870 2809 reservatoriae
907 2744 948 2809 ab
980 2744 1055 2829 ipso
1087 2742 1251 2810 Pontilice
1281 2742 1335 2809 die
1363 2744 1412 2809 12.
1437 2742 1522 2828 Aug.
1552 2745 1672 2831 13163)

181 2852 200 2915 i.
227 2869 254 2915 e.
295 2852 369 2915 iam
399 2853 488 2916 ante
528 2870 623 2916 suae
658 2850 933 2916 coronationis
968 2850 1163 2916 solemnia
1192 2848 1291 2916 Vitali
1331 2850 1373 2916 de
1405 2850 1477 2935 Ape
1509 2853 1672 2917 canonico

181 2957 376 3042 Agennensi
408 2976 589 3024 concessae
630 2976 723 3022 suam
756 2957 976 3022 intentionem
1018 2957 1083 3022 iam
1118 2959 1198 3022 satis
1230 2958 1411 3023 insinuant.
1460 2957 1546 3023 Cum
1583 2959 1671 3023 enim

181 3065 396 3130 canonicatus
421 3066 453 3129 et
476 3063 666 3148 praebenda
692 3082 751 3148 per
774 3064 903 3129 obitum
929 3063 1065 3129 Amaldi
1090 3063 1131 3129 de
1157 3063 1347 3149 Cantalupo
1372 3065 1457 3129 tituli
1476 3063 1508 3130 S.
1525 3065 1673 3130 Marcelli

180 3171 369 3256 Presbyteri
402 3170 589 3236 Cardinalis
619 3171 652 3235 in
689 3170 775 3236 dicta
806 3169 1001 3255 Agennensi
1039 3171 1176 3236 ecclesia
1210 3174 1364 3237 vacarent
1393 3170 1496 3255 apud
1533 3169 1672 3237 Sedem
1793 3237 1795 3240 .

180 3276 471 3361 Apostolicam
513 3277 590 3362 quia
620 3277 786 3362 praelatus
811 3276 998 3343 Cardinalis
1023 3278 1057 3343 in
1086 3276 1186 3342 Curia
1210 3277 1299 3343 diem
1336 3278 1453 3343 clausit
1478 3280 1672 3354 extremum,

179 3383 351 3449 lohannes
390 3385 482 3449 XXll.
529 3384 605 3449 illos
642 3384 781 3449 contulit
820 3383 908 3450 dicto
947 3385 1110 3450 canonico
1149 3385 1259 3464 Vitali,
1296 3384 1388 3469 quod
1425 3384 1514 3469 apud
1551 3382 1672 3449 Sedem

181 3490 409 3574 Apostolicam
439 3491 609 3557 vacavisse
645 3492 870 3556 noscebantur
904 3493 935 3556 et
960 3491 1038 3575 quia
1072 3490 1230 3556 Clemens
1253 3491 1291 3556 V.
1323 3490 1571 3577 praedecessori
1601 3492 1672 3556 eius
1753 3539 1756 3543 -

184 3597 329 3673 „dudum
367 3599 442 3662 ante
478 3597 686 3663 vacationem
733 3597 927 3662 huiusmodi
975 3598 1191 3663 canonicatus
1242 3597 1452 3682 praebendas
1497 3600 1672 3682 ceteraque

180 3704 342 3769 beneficia
388 3704 612 3769 ecclesiastica
651 3706 730 3768 tunc
769 3703 858 3788 apud
888 3704 1009 3769 dictam
1040 3703 1161 3770 Sedem
1191 3705 1341 3770 vacantia
1370 3707 1402 3770 et
1432 3691 1672 3788 inposterum

180 3813 333 3876 vacatura
358 3810 573 3895 Apostolicae
598 3810 772 3876 donationi
797 3829 979 3890 reservans,
1006 3810 1151 3877 decrevit
1175 3813 1254 3876 etc.“

288 3935 383 4000 Duae
409 3953 488 4019 ergo
525 3936 617 3999 erant
650 3935 805 4013 rationes,
836 3953 892 3999 cur
919 3933 1092 4000 lohannes
1120 3935 1213 4000 XXll.
1243 3934 1350 4001 dictos
1379 3935 1611 4001 canonicatum
1642 3938 1673 4001 et

181 4038 406 4126 praebendam
432 4042 496 4107 sibi
521 4043 705 4107 reservatos
730 4059 804 4106 esse
828 4041 1015 4106 censuisset
1040 4060 1083 4107 sc.
1108 4042 1237 4107 vacatio
1263 4042 1298 4107 in
1322 4041 1422 4107 Curia
1450 4042 1482 4107 vi
1510 4060 1536 4108 c.
1565 4042 1673 4118 „licet

181 4149 416 4215 ecclesiarum“
445 4150 476 4213 et
492 4149 524 4212 vi
541 4167 567 4214 c.
597 4148 685 4224 „Etsi
704 4148 737 4213 in
754 4147 1008 4232 temporalium“
1036 4166 1055 4213 a
1072 4146 1246 4214 Clemente
1262 4148 1300 4213 V.
1319 4147 1576 4232 praedecessore
1601 4149 1673 4214 eius

182 4256 371 4340 nuperrime
394 4255 488 4334 editi;
511 4255 664 4340 quamvis
687 4256 776 4320 enim
794 4257 1057 4340 praememorata
1074 4255 1267 4320 constitutio
1290 4254 1474 4320 Clementis
1490 4255 1528 4320 V.
1544 4257 1672 4320 tantum

182 4365 273 4428 esset
305 4362 512 4446 temporalis,
548 4364 660 4426 tamen
696 4362 808 4427 obitus
845 4361 923 4427 dicti
949 4361 1136 4426 Cardinalis
1170 4361 1326 4427 Ademari
1352 4360 1453 4445 (1313
1476 4361 1556 4426 Dec.
1585 4361 1672 4447 14)4)

181 4468 399 4534 antecedebat
424 4470 562 4534 mortem
588 4468 695 4552 ipsius
720 4468 861 4541 Romani
886 4468 1060 4534 Pontificis
1085 4466 1185 4552 (1314
1209 4467 1286 4552 Apr.
1315 4468 1368 4554 14)
1394 4486 1473 4552 ergo
1499 4469 1564 4533 iam
1589 4469 1621 4533 vi
1646 4487 1672 4533 c.

184 4575 272 4651 „Etsi
302 4576 336 4639 in
367 4574 619 4659 temporalium‘
652 4574 845 4640 huiusmodi
876 4576 1091 4640 canonicatus
1120 4577 1152 4640 et
1181 4573 1371 4658 praebenda
1400 4577 1492 4640 erant
1516 4575 1672 4640 reservati

181 4681 398 4766 dispositioni
439 4681 535 4747 Sedis
574 4680 798 4766 Apostolicae.
846 4681 985 4766 lnsuper
1025 4681 1283 4747 constitutiones
1327 4680 1511 4747 Clementis
1551 4681 1600 4746 lV.
1642 4682 1696 4745 et.

244 4929 265 4999 1)
285 4931 393 4984 Electus
414 4931 538 5001 Lugduni
561 4931 628 4985 1316
646 4930 717 5001 Aug.
737 4932 753 4984 7
773 4931 864 5000 ibique
884 4931 1028 4984 coronatus
1047 4928 1120 4998 Sept.
1140 4928 1165 4984 5.
1185 4945 1209 4983 e.
1229 4944 1251 4984 a.

243 5036 265 5104 2)
285 5036 326 5090 Ci.
350 5037 444 5090 Pastor
467 5037 483 5090 l.
504 5053 525 5090 c.
550 5036 566 5090 I.
590 5037 624 5090 67
644 5052 703 5105 sqq.
741 5037 843 5090 Munch
863 5037 879 5089 l.
900 5053 921 5090 c.
941 5052 967 5105 p.
987 5037 1029 5090 38.
1073 5036 1215 5105 Verlaque,
1243 5036 1308 5089 Jean
1337 5036 1412 5089 XXII.
1442 5051 1472 5088 sa
1500 5037 1544 5087 vie
1573 5034 1599 5086 et
1628 5049 1672 5086 ses

185 5140 302 5178 oeuvres
320 5141 346 5194 p.
369 5125 419 5178 184
438 5140 478 5194 sq.

243 5231 265 5299 3)
285 5231 350 5300 Reg.
371 5231 430 5284 Vat.
451 5231 468 5283 t.
488 5230 586 5285 63101.
609 5229 690 5283 lt⁰n
702 5229 747 5284 03.
786 5230 894 5284 Coulon
914 5233 929 5284 l.
950 5231 1040 5284 chus
1060 5231 1159 5285 litteras
1179 5247 1233 5286 non
1254 5231 1448 5299 complectitur.

242 5337 266 5401 ⁴)
286 5337 380 5401 Eubel,
400 5337 554 5390 Hierarclria
574 5338 642 5391 cath.
662 5338 744 5391 medii
764 5340 823 5390 aevi
843 5337 860 5392 1.
880 5353 906 5406 p.
929 5338 969 5391 13.
