3720 5932
806 1553 1184 1683 Introductio

313 1805 380 1885 De
414 1805 500 1884 iure
532 1803 712 1884 Romani
746 1801 956 1883 Pontificis
989 1801 1228 1918 reservandi
1262 1800 1462 1882 beneficia
1495 1801 1681 1883 nondum

765 1963 954 2043 vacantia
987 1962 1027 2042 in
1060 1987 1229 2072 genere.

356 2532 433 2667 Ad
474 2599 748 2673 Reservationum
788 2597 1055 2683 Apostolicorum
1102 2598 1170 2663 vim
1223 2600 1254 2663 et
1301 2599 1606 2684 interpretationem
1654 2602 1739 2666 recte

250 2706 498 2776 diiudicandam
537 2706 709 2772 exordium
749 2708 858 2770 sumat
888 2705 1077 2772 dissertatio
1109 2705 1190 2771 haec
1229 2725 1247 2771 a
1287 2706 1497 2772 stabiliendis
1536 2707 1739 2790 quibusdam

250 2813 421 2898 principiis
445 2812 750 2878 fundamentalibus
772 2831 834 2877 nec
856 2831 925 2878 non
949 2813 1146 2878 notionibus
1167 2812 1292 2897 ubique
1315 2813 1348 2877 in
1373 2813 1436 2879 hoc
1459 2813 1573 2880 libello
1594 2815 1739 2880 retentis.

249 2920 412 3006 Imprimis
434 2921 612 2987 dicendum
630 2921 699 2998 erit,
717 2920 900 3004 permultos
918 2923 1067 2986 auctores
1081 2921 1114 2985 in
1132 2919 1205 3004 ipsa
1223 2920 1461 2985 beneficiorum
1479 2922 1739 2987 reservationum
1761 2987 1763 2990 Α

249 3027 444 3094 definitione
474 3029 569 3112 quasi
595 3028 795 3093 unanimiter
823 3027 957 3093 dedisse
982 3028 1082 3093 verba
1106 3027 1206 3091 nimis
1230 3027 1398 3110 generalia
1423 3046 1482 3093 sc.:
1519 3027 1740 3104 „Alicuius

249 3134 973 3201 ecclesiasticibeneficiivacaturi
999 3152 1071 3218 per
1091 3130 1316 3199 habentem
1342 3133 1389 3199 ad
1415 3134 1454 3199 id
1480 3138 1739 3220 potestatem

249 3240 296 3305 ad
327 3259 369 3306 se
404 3242 514 3307 facta
550 3239 809 3326 avocatio.“1)
856 3240 1010 3305 Attamen
1035 3258 1109 3306 cum
1139 3241 1265 3305 nemini
1290 3279 1334 3286 —-
1358 3241 1474 3306 saltem
1500 3259 1540 3306 ex
1563 3241 1739 3326 disciplina

249 3348 608 3432 nuncvigenti-nisi
630 3347 1039 3420 RomanoPontifici
1061 3348 1094 3412 in
1115 3347 1278 3413 beneficia
1299 3350 1502 3413 vacatura
1523 3351 1740 3434 competat

250 3457 445 3537 potestas
481 3455 616 3521 libere
652 3454 865 3539 disponendi,
902 3454 1085 3520 accuratius
1113 3455 1206 3519 notio
1236 3454 1469 3520 reservationis
1499 3456 1738 3521 beneficiorum

249 3563 370 3626 nostris
389 3561 524 3646 quidem
546 3562 754 3646 temporibus
776 3562 827 3628 his
847 3561 957 3626 verbis
978 3561 1211 3626 concinnatur:
1240 3559 1418 3637 „Officii
1444 3562 1738 3628 ecclesiastici

248 3669 438 3732 vacaturi
484 3687 555 3753 per
601 3669 828 3742 Romanum
876 3667 1134 3733 Pontificem
1175 3667 1223 3732 ad
1263 3686 1306 3733 se
1345 3668 1457 3734 facta
1496 3669 1738 3754 avocatio‘2)

249 3773 463 3846 Reservatum
504 3793 584 3860 ergo
623 3775 704 3841 illud
744 3777 871 3839 tantum
911 3774 1053 3839 dicimus
1093 3774 1293 3840 beneficium
1334 3775 1604 3854 ecclesiasticum,
1644 3777 1739 3842 cuius

312 4006 334 4074 1)
353 4005 461 4060 Aeneas
481 4007 515 4060 de
534 4006 707 4070 Fallronibus
727 4007 799 4059 tract.
820 4006 854 4059 de
874 4007 1054 4059 reservatione
1072 4005 1161 4060 benef.
1182 4020 1226 4074 qu.
1249 4007 1270 4060 l.
1291 4009 1372 4075 princ.
1393 4022 1418 4060 n.
1441 4007 1463 4060 l.

357 4094 540 4160 Reiffenstuel
559 4096 616 4149 lus.
637 4095 701 4150 Can.
722 4096 802 4150 Univ.
823 4095 861 4149 ΙΙΙ.
882 4096 899 4148 t.
919 4093 943 4148 5.
964 4111 989 4147 n.
1009 4094 1069 4149 378.

354 4183 587 4255 Schmalzgruber,
605 4185 661 4238 Jus.
681 4184 751 4239 Eccl.
771 4185 850 4239 Univ.
870 4183 908 4238 Ill.
928 4185 945 4238 t.
966 4182 989 4237 5.
1010 4198 1036 4237 n.
1056 4185 1116 4238 209.

354 4273 473 4344 Pirhing,
492 4274 540 4328 lus
560 4273 625 4328 Can.
646 4274 684 4328 ΙΙΙ.
704 4275 722 4327 t.
742 4273 766 4328 5.
787 4289 812 4326 n.
832 4273 892 4328 317.

356 4363 474 4426 GarciaS,
494 4364 567 4416 tract.
588 4363 621 4416 de
640 4363 729 4416 benef.
749 4363 777 4416 P.
797 4362 829 4416 V.
849 4378 871 4416 c.
893 4364 915 4415 l.
936 4378 960 4416 n.
980 4361 1023 4416 55.
1043 4378 1102 4431 sqq.

354 4452 518 4505 Nominatim
538 4453 640 4505 tanturn
660 4451 777 4505 indicare
796 4453 869 4505 iuvat
893 4453 1034 4519 sequentia
1053 4467 1142 4520 opera,
1167 4469 1236 4521 quae
1256 4453 1356 4513 Romae
1375 4456 1400 4506 in
1421 4453 1587 4506 Bibliotheca
1606 4453 1738 4524 Angelica

355 4542 491 4594 asservata
511 4543 628 4609 inspexi:

353 4629 400 4682 Th.
422 4628 588 4700 Campegius
611 4660 639 4668 -
661 4629 695 4684 de
714 4630 907 4683 beneficiorum
928 4632 1116 4685 reservatione.

354 4719 376 4773 J.
397 4720 430 4772 N.
451 4719 611 4774 Cimonetus
633 4750 662 4757 -
683 4719 855 4773 Euchiridion
875 4718 1067 4773 beneficiorum
1087 4721 1104 4773 t.
1124 4720 1166 4773 IV.
1188 4720 1221 4773 de
1242 4722 1334 4790 gratiis
1353 4722 1552 4789 exspectativis

355 4808 385 4863 C.
407 4809 569 4879 Gagliardus
588 4840 622 4847 -
642 4809 676 4862 de
695 4808 836 4862 beneficiis
856 4808 1051 4862 ecclesiasticis.

355 4899 381 4952 L.
403 4899 549 4953 Gomesius
569 4930 602 4937 -
623 4899 656 4952 de
676 4900 768 4968 gratiis
787 4899 985 4965 exspectativis.

354 4987 382 5041 P.
403 4988 549 5041 Leurenius
568 4986 708 5040 —forum
728 4985 894 5040 beneficiale.

354 5077 477 5146 Gasparo
497 5076 530 5129 de
550 5076 660 5130 Perusio
679 5107 714 5114 —
733 5077 859 5129 tractatus
879 5077 913 5129 de
932 5076 1125 5130 beneficiorum
1145 5079 1380 5132 reservationibus.

354 5165 381 5218 P.
401 5163 532 5224 Rebuffus
552 5195 584 5202 —
604 5165 694 5218 Praxis
713 5164 914 5218 beneficiorum.

355 5254 428 5308 Giac.
448 5253 597 5308 Simouetta
617 5285 651 5292 —
670 5255 704 5307 de
723 5256 904 5308 reservatione
923 5255 1126 5309 beneficiorum.

309 5341 331 5410 ἵ)
351 5341 391 5397 Cf.
412 5343 516 5407 Wernz,
536 5343 584 5397 lus
604 5343 786 5397 Decretalium
806 5343 833 5396 ΙΙ.
854 5360 879 5396 n.
900 5343 1035 5398 3331Va.
