<?xml version="1.0" encoding="UTF-8"?>
<!DOCTYPE html PUBLIC "-//W3C//DTD XHTML 1.0 Transitional//EN"
    "http://www.w3.org/TR/xhtml1/DTD/xhtml1-transitional.dtd">
<html xmlns="http://www.w3.org/1999/xhtml" xml:lang="en" lang="en">
 <head>
  <title>
</title>
<meta http-equiv="Content-Type" content="text/html;charset=utf-8" />
  <meta name='ocr-system' content='tesseract 3.04.00' />
  <meta name='ocr-capabilities' content='ocr_page ocr_carea ocr_par ocr_line ocrx_word'/>
</head>
<body>
  <div class='ocr_page' id='page_1' title='image "./constitutionuma00luxgoog_0047.png"; bbox 0 0 1023 1631; ppageno 0'>
   <div class='ocr_carea' id='block_1_1' title="bbox 542 156 564 170">
    <p class='ocr_par' dir='ltr' id='par_1_1' title="bbox 542 156 564 170">
     <span class='ocr_line' id='line_1_1' title="bbox 542 156 564 170; baseline 0 0"><span class='ocrx_word' id='word_1_1' title='bbox 542 156 564 170; x_wconf 76' lang='lat'>38</span> 
     </span>
    </p>
   </div>
   <div class='ocr_carea' id='block_1_2' title="bbox 498 176 606 180">
    <p class='ocr_par' dir='ltr' id='par_1_2' title="bbox 498 176 606 180">
     <span class='ocr_line' id='line_1_2' title="bbox 498 176 606 180; baseline 0 0"><span class='ocrx_word' id='word_1_2' title='bbox 498 176 606 180; x_wconf 95' lang='lat' dir='ltr'> </span> 
     </span>
    </p>
   </div>
   <div class='ocr_carea' id='block_1_3' title="bbox 175 206 927 1194">
    <p class='ocr_par' dir='ltr' id='par_1_3' title="bbox 176 206 927 977">
     <span class='ocr_line' id='line_1_3' title="bbox 179 206 927 229; baseline 0.003 -7"><span class='ocrx_word' id='word_1_3' title='bbox 179 206 261 223; x_wconf 79' lang='lat' dir='ltr'>sententia</span> <span class='ocrx_word' id='word_1_4' title='bbox 276 207 325 223; x_wconf 81' lang='lat' dir='ltr'>etiarn</span> <span class='ocrx_word' id='word_1_5' title='bbox 338 211 348 223; x_wconf 76' lang='lat' dir='ltr'>a</span> <span class='ocrx_word' id='word_1_6' title='bbox 360 206 477 224; x_wconf 86' lang='lat' dir='ltr'>Cardinalibus</span> <span class='ocrx_word' id='word_1_7' title='bbox 489 212 525 223; x_wconf 93' lang='lat' dir='ltr'>non</span> <span class='ocrx_word' id='word_1_8' title='bbox 538 207 592 228; x_wconf 88' lang='lat' dir='ltr'>potuit</span> <span class='ocrx_word' id='word_1_9' title='bbox 604 207 674 224; x_wconf 74' lang='lat' dir='ltr'>obtineri</span> <span class='ocrx_word' id='word_1_10' title='bbox 688 217 709 219; x_wconf 91' lang='lat'><em>-</em></span> <span class='ocrx_word' id='word_1_11' title='bbox 720 207 816 224; x_wconf 85' lang='lat' dir='ltr'>auctoritate</span> <span class='ocrx_word' id='word_1_12' title='bbox 828 207 927 229; x_wconf 81' lang='lat' dir='ltr'>Apostolica</span> 
     </span>
     <span class='ocr_line' id='line_1_4' title="bbox 179 232 927 255; baseline 0.003 -6"><span class='ocrx_word' id='word_1_13' title='bbox 179 232 269 253; x_wconf 85' lang='lat' dir='ltr'>ordinavit,</span> <span class='ocrx_word' id='word_1_14' title='bbox 294 233 340 254; x_wconf 86' lang='lat' dir='ltr'>quod</span> <span class='ocrx_word' id='word_1_15' title='bbox 366 238 434 253; x_wconf 89' lang='lat' dir='ltr'>omnes,</span> <span class='ocrx_word' id='word_1_16' title='bbox 460 234 506 255; x_wconf 84' lang='lat' dir='ltr'>post</span> <span class='ocrx_word' id='word_1_17' title='bbox 531 234 595 250; x_wconf 85' lang='lat' dir='ltr'>obitum</span> <span class='ocrx_word' id='word_1_18' title='bbox 621 233 660 250; x_wconf 84' lang='lat' dir='ltr'>dicti</span> <span class='ocrx_word' id='word_1_19' title='bbox 689 234 772 251; x_wconf 86' lang='lat' dir='ltr'>Johannis</span> <span class='ocrx_word' id='word_1_20' title='bbox 796 233 843 251; x_wconf 89' lang='lat' dir='ltr'>XXII.</span> <span class='ocrx_word' id='word_1_21' title='bbox 869 235 927 251; x_wconf 83' lang='lat' dir='ltr'>contra</span> 
     </span>
     <span class='ocr_line' id='line_1_5' title="bbox 178 260 926 282; baseline 0.001 -6"><span class='ocrx_word' id='word_1_22' title='bbox 178 260 299 276; x_wconf 85' lang='lat' dir='ltr'>reservationes</span> <span class='ocrx_word' id='word_1_23' title='bbox 306 260 322 276; x_wconf 91' lang='lat' dir='ltr'>et</span> <span class='ocrx_word' id='word_1_24' title='bbox 328 260 392 276; x_wconf 83' lang='lat' dir='ltr'>decreta</span> <span class='ocrx_word' id='word_1_25' title='bbox 399 260 496 277; x_wconf 84' lang='lat' dir='ltr'>huiusmodi</span> <span class='ocrx_word' id='word_1_26' title='bbox 503 260 524 277; x_wconf 89' lang='lat' dir='ltr'>ad</span> <span class='ocrx_word' id='word_1_27' title='bbox 529 260 650 281; x_wconf 65' lang='lat' dir='ltr'>patriarchales,</span> <span class='ocrx_word' id='word_1_28' title='bbox 655 261 811 282; x_wconf 73' lang='lat' dir='ltr'>archiepiscopales,</span> <span class='ocrx_word' id='word_1_29' title='bbox 819 261 926 282; x_wconf 77' lang='lat' dir='ltr'>episcopales</span> 
     </span>
     <span class='ocr_line' id='line_1_6' title="bbox 179 286 926 308; baseline 0.003 -6"><span class='ocrx_word' id='word_1_30' title='bbox 179 286 228 303; x_wconf 87' lang='lat' dir='ltr'>sedes</span> <span class='ocrx_word' id='word_1_31' title='bbox 241 286 359 308; x_wconf 80' lang='lat' dir='ltr'>quaslibetque</span> <span class='ocrx_word' id='word_1_32' title='bbox 370 287 460 308; x_wconf 76' lang='lat' dir='ltr'>dignitates</span> <span class='ocrx_word' id='word_1_33' title='bbox 472 287 580 304; x_wconf 86' lang='lat' dir='ltr'>ecclesiarum</span> <span class='ocrx_word' id='word_1_34' title='bbox 591 287 716 308; x_wconf 77' lang='lat' dir='ltr'>collegiatarum</span> <span class='ocrx_word' id='word_1_35' title='bbox 734 287 842 304; x_wconf 87' lang='lat' dir='ltr'>saecularium</span> <span class='ocrx_word' id='word_1_36' title='bbox 859 292 926 304; x_wconf 80' lang='lat' dir='ltr'>necnon</span> 
     </span>
     <span class='ocr_line' id='line_1_7' title="bbox 178 313 926 335; baseline 0.003 -6"><span class='ocrx_word' id='word_1_37' title='bbox 178 313 287 333; x_wconf 67' lang='lat' dir='ltr'>abbatiarum,</span> <span class='ocrx_word' id='word_1_38' title='bbox 296 314 435 330; x_wconf 80' lang='lat' dir='ltr'>monasteriorum</span> <span class='ocrx_word' id='word_1_39' title='bbox 444 314 460 330; x_wconf 90' lang='lat' dir='ltr'>et</span> <span class='ocrx_word' id='word_1_40' title='bbox 468 314 571 335; x_wconf 72' lang='lat' dir='ltr'>prioratuum</span> <span class='ocrx_word' id='word_1_41' title='bbox 580 314 650 330; x_wconf 89' lang='lat' dir='ltr'>aliorum</span> <span class='ocrx_word' id='word_1_42' title='bbox 661 319 800 335; x_wconf 86' lang='lat' dir='ltr'>quorumcunque</span> <span class='ocrx_word' id='word_1_43' title='bbox 808 314 926 335; x_wconf 84' lang='lat' dir='ltr'>religiosorum</span> 
     </span>
     <span class='ocr_line' id='line_1_8' title="bbox 179 340 926 362; baseline 0.001 -6"><span class='ocrx_word' id='word_1_44' title='bbox 179 344 199 356; x_wconf 77' lang='lat' dir='ltr'>ac</span> <span class='ocrx_word' id='word_1_45' title='bbox 215 340 280 361; x_wconf 88' lang='lat' dir='ltr'>piorum</span> <span class='ocrx_word' id='word_1_46' title='bbox 293 340 368 357; x_wconf 87' lang='lat' dir='ltr'>locorum</span> <span class='ocrx_word' id='word_1_47' title='bbox 387 341 469 362; x_wconf 81' lang='lat' dir='ltr'>regimina</span> <span class='ocrx_word' id='word_1_48' title='bbox 486 341 527 357; x_wconf 84' lang='lat' dir='ltr'>alias</span> <span class='ocrx_word' id='word_1_49' title='bbox 540 341 569 357; x_wconf 88' lang='lat' dir='ltr'>rite</span> <span class='ocrx_word' id='word_1_50' title='bbox 582 341 598 357; x_wconf 88' lang='lat' dir='ltr'>et</span> <span class='ocrx_word' id='word_1_51' title='bbox 609 341 690 357; x_wconf 88' lang='lat' dir='ltr'>canonice</span> <span class='ocrx_word' id='word_1_52' title='bbox 702 341 784 362; x_wconf 74' lang='lat' dir='ltr'>assumpti</span> <span class='ocrx_word' id='word_1_53' title='bbox 796 341 858 362; x_wconf 87' lang='lat' dir='ltr'>aliique</span> <span class='ocrx_word' id='word_1_54' title='bbox 870 341 926 362; x_wconf 68' lang='lat' dir='ltr'>etiam,</span> 
     </span>
     <span class='ocr_line' id='line_1_9' title="bbox 180 366 925 392; baseline 0.001 -9"><span class='ocrx_word' id='word_1_55' title='bbox 180 366 242 387; x_wconf 87' lang='lat' dir='ltr'>quibus</span> <span class='ocrx_word' id='word_1_56' title='bbox 250 367 271 383; x_wconf 92' lang='lat' dir='ltr'>de</span> <span class='ocrx_word' id='word_1_57' title='bbox 280 367 383 388; x_wconf 73' lang='lat' dir='ltr'>quibuslibet</span> <span class='ocrx_word' id='word_1_58' title='bbox 393 367 519 392; x_wconf 78' lang='lat' dir='ltr'>„dignitatibus,</span> <span class='ocrx_word' id='word_1_59' title='bbox 527 367 646 388; x_wconf 80' lang='lat' dir='ltr'>personatibus</span> <span class='ocrx_word' id='word_1_60' title='bbox 654 368 680 384; x_wconf 88' lang='lat' dir='ltr'>vel</span> <span class='ocrx_word' id='word_1_61' title='bbox 689 368 749 384; x_wconf 73' lang='lat' dir='ltr'>officiis</span> <span class='ocrx_word' id='word_1_62' title='bbox 758 372 824 384; x_wconf 85' lang='lat' dir='ltr'>necnon</span> <span class='ocrx_word' id='word_1_63' title='bbox 832 368 925 389; x_wconf 83' lang='lat' dir='ltr'>collegiatis</span> 
     </span>
     <span class='ocr_line' id='line_1_10' title="bbox 178 393 924 416; baseline 0.001 -6"><span class='ocrx_word' id='word_1_64' title='bbox 178 394 194 410; x_wconf 89' lang='lat' dir='ltr'>et</span> <span class='ocrx_word' id='word_1_65' title='bbox 216 393 252 410; x_wconf 78' lang='lat' dir='ltr'>aliis</span> <span class='ocrx_word' id='word_1_66' title='bbox 272 394 359 410; x_wconf 80' lang='lat' dir='ltr'>beneficiis</span> <span class='ocrx_word' id='word_1_67' title='bbox 379 393 495 410; x_wconf 89' lang='lat' dir='ltr'>ecclesiasticis</span> <span class='ocrx_word' id='word_1_68' title='bbox 515 394 627 415; x_wconf 83' lang='lat' dir='ltr'>hospitalibus</span> <span class='ocrx_word' id='word_1_69' title='bbox 647 395 663 410; x_wconf 82' lang='lat' dir='ltr'>et</span> <span class='ocrx_word' id='word_1_70' title='bbox 682 394 714 415; x_wconf 85' lang='lat' dir='ltr'>piis</span> <span class='ocrx_word' id='word_1_71' title='bbox 734 395 776 411; x_wconf 89' lang='lat' dir='ltr'>locis</span> <span class='ocrx_word' id='word_1_72' title='bbox 796 394 924 416; x_wconf 77' lang='lat' dir='ltr'>quibuscunque</span> 
     </span>
     <span class='ocr_line' id='line_1_11' title="bbox 178 420 922 442; baseline 0 -5"><span class='ocrx_word' id='word_1_73' title='bbox 178 420 321 441; x_wconf 69' lang='lat' dir='ltr'>patriarchatuum,</span> <span class='ocrx_word' id='word_1_74' title='bbox 328 420 456 442; x_wconf 79' lang='lat' dir='ltr'>provinciarum,</span> <span class='ocrx_word' id='word_1_75' title='bbox 463 420 547 437; x_wconf 84' lang='lat' dir='ltr'>civitatum</span> <span class='ocrx_word' id='word_1_76' title='bbox 555 421 571 437; x_wconf 82' lang='lat' dir='ltr'>et</span> <span class='ocrx_word' id='word_1_77' title='bbox 577 420 680 437; x_wconf 82' lang='lat' dir='ltr'>dioecesium</span> <span class='ocrx_word' id='word_1_78' title='bbox 689 426 708 438; x_wconf 79' lang='lat' dir='ltr'>ac</span> <span class='ocrx_word' id='word_1_79' title='bbox 714 421 785 442; x_wconf 85' lang='lat' dir='ltr'>partium</span> <span class='ocrx_word' id='word_1_80' title='bbox 792 421 922 442; x_wconf 61' lang='lat' dir='ltr'>praedictarumn</span> 
     </span>
     <span class='ocr_line' id='line_1_12' title="bbox 178 447 926 469; baseline 0.001 -6"><span class='ocrx_word' id='word_1_81' title='bbox 178 447 203 463; x_wconf 91' lang='lat' dir='ltr'>ius</span> <span class='ocrx_word' id='word_1_82' title='bbox 215 447 322 468; x_wconf 86' lang='lat' dir='ltr'>competebat</span> <span class='ocrx_word' id='word_1_83' title='bbox 333 447 354 463; x_wconf 87' lang='lat' dir='ltr'>ad</span> <span class='ocrx_word' id='word_1_84' title='bbox 366 452 400 463; x_wconf 90' lang='lat' dir='ltr'>rem</span> <span class='ocrx_word' id='word_1_85' title='bbox 413 447 439 464; x_wconf 88' lang='lat' dir='ltr'>vel</span> <span class='ocrx_word' id='word_1_86' title='bbox 451 447 468 463; x_wconf 89' lang='lat' dir='ltr'>in</span> <span class='ocrx_word' id='word_1_87' title='bbox 480 452 497 464; x_wconf 86' lang='lat' dir='ltr'>re</span> <span class='ocrx_word' id='word_1_88' title='bbox 508 457 530 459; x_wconf 97' lang='lat'><strong>—</strong></span> <span class='ocrx_word' id='word_1_89' title='bbox 538 447 570 464; x_wconf 88' lang='lat' dir='ltr'>nisi</span> <span class='ocrx_word' id='word_1_90' title='bbox 583 448 702 464; x_wconf 87' lang='lat' dir='ltr'>reservationes</span> <span class='ocrx_word' id='word_1_91' title='bbox 715 448 875 469; x_wconf 34' lang='lat' dir='ltr'>praecessissentj</span> <span class='ocrx_word' id='word_1_92' title='bbox 883 448 926 465; x_wconf 85' lang='lat' dir='ltr'>licite</span> 
     </span>
     <span class='ocr_line' id='line_1_13' title="bbox 177 474 926 495; baseline 0.001 -5"><span class='ocrx_word' id='word_1_93' title='bbox 177 474 248 495; x_wconf 80' lang='lat' dir='ltr'>possent</span> <span class='ocrx_word' id='word_1_94' title='bbox 259 474 356 490; x_wconf 80' lang='lat' dir='ltr'>huiusmodi</span> <span class='ocrx_word' id='word_1_95' title='bbox 369 474 450 490; x_wconf 76' lang='lat' dir='ltr'>beneficia</span> <span class='ocrx_word' id='word_1_96' title='bbox 461 474 487 490; x_wconf 86' lang='lat' dir='ltr'>vel</span> <span class='ocrx_word' id='word_1_97' title='bbox 499 474 555 490; x_wconf 77' lang='lat' dir='ltr'>officia</span> <span class='ocrx_word' id='word_1_98' title='bbox 569 474 648 494; x_wconf 73' lang='lat' dir='ltr'>„retinere</span> <span class='ocrx_word' id='word_1_99' title='bbox 661 475 728 495; x_wconf 86' lang='lat' dir='ltr'>assequi</span> <span class='ocrx_word' id='word_1_100' title='bbox 741 475 757 491; x_wconf 88' lang='lat' dir='ltr'>et</span> <span class='ocrx_word' id='word_1_101' title='bbox 769 475 844 494; x_wconf 69' lang='lat' dir='ltr'>habere,“</span> <span class='ocrx_word' id='word_1_102' title='bbox 858 475 926 492; x_wconf 85' lang='lat' dir='ltr'>decreto</span> 
     </span>
     <span class='ocr_line' id='line_1_14' title="bbox 178 500 926 522; baseline 0.001 -5"><span class='ocrx_word' id='word_1_103' title='bbox 178 500 297 517; x_wconf 77' lang='lat' dir='ltr'>habilitationis</span> <span class='ocrx_word' id='word_1_104' title='bbox 313 501 329 517; x_wconf 89' lang='lat' dir='ltr'>et</span> <span class='ocrx_word' id='word_1_105' title='bbox 344 500 441 517; x_wconf 86' lang='lat' dir='ltr'>donationis</span> <span class='ocrx_word' id='word_1_106' title='bbox 457 501 539 517; x_wconf 68' lang='lat' dir='ltr'>fructuum</span> <span class='ocrx_word' id='word_1_107' title='bbox 556 501 612 517; x_wconf 88' lang='lat' dir='ltr'>medio</span> <span class='ocrx_word' id='word_1_108' title='bbox 628 501 704 522; x_wconf 89' lang='lat' dir='ltr'>tempore</span> <span class='ocrx_word' id='word_1_109' title='bbox 717 502 832 522; x_wconf 84' lang='lat' dir='ltr'>perceptorum</span> <span class='ocrx_word' id='word_1_110' title='bbox 847 506 867 518; x_wconf 82' lang='lat' dir='ltr'>ex</span> <span class='ocrx_word' id='word_1_111' title='bbox 882 503 926 518; x_wconf 87' lang='lat' dir='ltr'>certa</span> 
     </span>
     <span class='ocr_line' id='line_1_15' title="bbox 177 527 925 549; baseline 0.001 -5"><span class='ocrx_word' id='word_1_112' title='bbox 177 527 245 544; x_wconf 84' lang='lat' dir='ltr'>scientia</span> <span class='ocrx_word' id='word_1_113' title='bbox 269 527 352 544; x_wconf 84' lang='lat' dir='ltr'>adiuncto.</span> <span class='ocrx_word' id='word_1_114' title='bbox 376 527 504 544; x_wconf 76' lang='lat' dir='ltr'>Provisionibus</span> <span class='ocrx_word' id='word_1_115' title='bbox 528 532 568 544; x_wconf 86' lang='lat' dir='ltr'>vero</span> <span class='ocrx_word' id='word_1_116' title='bbox 593 528 609 544; x_wconf 87' lang='lat' dir='ltr'>et</span> <span class='ocrx_word' id='word_1_117' title='bbox 632 528 774 549; x_wconf 75' lang='lat' dir='ltr'>acceptationibus</span> <span class='ocrx_word' id='word_1_118' title='bbox 796 528 925 545; x_wconf 79' lang='lat' dir='ltr'>auctoritate</span> 
     </span>
     <span class='ocr_line' id='line_1_16' title="bbox 177 553 925 576; baseline 0.003 -6"><span class='ocrx_word' id='word_1_119' title='bbox 177 553 306 575; x_wconf 79' lang='lat' dir='ltr'>Apostolica</span> <span class='ocrx_word' id='word_1_120' title='bbox 323 554 344 570; x_wconf 90' lang='lat' dir='ltr'>de</span> <span class='ocrx_word' id='word_1_121' title='bbox 362 554 450 575; x_wconf 88' lang='lat' dir='ltr'>praedictis</span> <span class='ocrx_word' id='word_1_122' title='bbox 467 554 555 570; x_wconf 80' lang='lat' dir='ltr'>beneficiis</span> <span class='ocrx_word' id='word_1_123' title='bbox 572 554 599 570; x_wconf 88' lang='lat' dir='ltr'>vel</span> <span class='ocrx_word' id='word_1_124' title='bbox 617 554 676 571; x_wconf 68' lang='lat' dir='ltr'>officiis</span> <span class='ocrx_word' id='word_1_125' title='bbox 688 554 730 571; x_wconf 84' lang='lat' dir='ltr'>torte</span> <span class='ocrx_word' id='word_1_126' title='bbox 742 555 775 571; x_wconf 88' lang='lat' dir='ltr'>iam</span> <span class='ocrx_word' id='word_1_127' title='bbox 787 555 834 571; x_wconf 76' lang='lat' dir='ltr'>raetis</span> <span class='ocrx_word' id='word_1_128' title='bbox 847 559 925 576; x_wconf 82' lang='lat' dir='ltr'>expresse</span> 
     </span>
     <span class='ocr_line' id='line_1_17' title="bbox 177 580 924 602; baseline 0.001 -5"><span class='ocrx_word' id='word_1_129' title='bbox 177 581 224 597; x_wconf 85' lang='lat' dir='ltr'>nullo</span> <span class='ocrx_word' id='word_1_130' title='bbox 236 581 288 597; x_wconf 91' lang='lat' dir='ltr'>modo</span> <span class='ocrx_word' id='word_1_131' title='bbox 301 585 330 602; x_wconf 88' lang='lat' dir='ltr'>per</span> <span class='ocrx_word' id='word_1_132' title='bbox 341 581 407 597; x_wconf 81' lang='lat' dir='ltr'>citatam</span> <span class='ocrx_word' id='word_1_133' title='bbox 420 581 557 597; x_wconf 79' lang='lat' dir='ltr'>constitutionem</span> <span class='ocrx_word' id='word_1_134' title='bbox 566 580 664 602; x_wconf 84' lang='lat' dir='ltr'>derogatum</span> <span class='ocrx_word' id='word_1_135' title='bbox 673 581 702 597; x_wconf 67' lang='lat' dir='ltr'>est,</span> <span class='ocrx_word' id='word_1_136' title='bbox 720 581 785 597; x_wconf 85' lang='lat' dir='ltr'>Eodem</span> <span class='ocrx_word' id='word_1_137' title='bbox 794 581 859 597; x_wconf 86' lang='lat' dir='ltr'>decreto</span> <span class='ocrx_word' id='word_1_138' title='bbox 868 581 924 598; x_wconf 89' lang='lat' dir='ltr'>denuo</span> 
     </span>
     <span class='ocr_line' id='line_1_18' title="bbox 178 607 925 628; baseline -0.001 -4"><span class='ocrx_word' id='word_1_139' title='bbox 178 608 267 624; x_wconf 76' lang='lat' dir='ltr'>reservavit</span> <span class='ocrx_word' id='word_1_140' title='bbox 279 608 318 624; x_wconf 87' lang='lat' dir='ltr'>sibi</span> <span class='ocrx_word' id='word_1_141' title='bbox 331 608 349 624; x_wconf 86' lang='lat' dir='ltr'>et</span> <span class='ocrx_word' id='word_1_142' title='bbox 361 607 407 624; x_wconf 88' lang='lat' dir='ltr'>Sedi</span> <span class='ocrx_word' id='word_1_143' title='bbox 419 607 551 628; x_wconf 82' lang='lat' dir='ltr'>Apostolicae</span> <span class='ocrx_word' id='word_1_144' title='bbox 563 607 613 623; x_wconf 87' lang='lat' dir='ltr'>etiam</span> <span class='ocrx_word' id='word_1_145' title='bbox 626 612 685 624; x_wconf 82' lang='lat' dir='ltr'>omnes</span> <span class='ocrx_word' id='word_1_146' title='bbox 698 607 795 624; x_wconf 87' lang='lat' dir='ltr'>huiusmodi</span> <span class='ocrx_word' id='word_1_147' title='bbox 807 608 897 628; x_wconf 83' lang='lat' dir='ltr'>dignitates</span> <span class='ocrx_word' id='word_1_148' title='bbox 910 609 925 624; x_wconf 85' lang='lat' dir='ltr'>et</span> 
     </span>
     <span class='ocr_line' id='line_1_19' title="bbox 177 634 924 655; baseline 0 -5"><span class='ocrx_word' id='word_1_149' title='bbox 177 634 259 650; x_wconf 85' lang='lat' dir='ltr'>beneficia</span> <span class='ocrx_word' id='word_1_150' title='bbox 271 635 413 655; x_wconf 82' lang='lat' dir='ltr'>supramemorata</span> <span class='ocrx_word' id='word_1_151' title='bbox 422 634 438 650; x_wconf 88' lang='lat' dir='ltr'>in</span> <span class='ocrx_word' id='word_1_152' title='bbox 446 634 532 650; x_wconf 73' lang='lat' dir='ltr'>territoriis</span> <span class='ocrx_word' id='word_1_153' title='bbox 545 634 641 655; x_wconf 83' lang='lat' dir='ltr'>praemissis</span> <span class='ocrx_word' id='word_1_154' title='bbox 654 634 717 650; x_wconf 88' lang='lat' dir='ltr'>adhuc</span> <span class='ocrx_word' id='word_1_155' title='bbox 729 634 820 650; x_wconf 84' lang='lat' dir='ltr'>vacantia</span> <span class='ocrx_word' id='word_1_156' title='bbox 833 634 853 650; x_wconf 89' lang='lat' dir='ltr'>de</span> <span class='ocrx_word' id='word_1_157' title='bbox 862 634 924 655; x_wconf 89' lang='lat' dir='ltr'>quibus</span> 
     </span>
     <span class='ocr_line' id='line_1_20' title="bbox 177 660 922 681; baseline 0 -4"><span class='ocrx_word' id='word_1_158' title='bbox 177 665 208 677; x_wconf 90' lang='lat' dir='ltr'>nec</span> <span class='ocrx_word' id='word_1_159' title='bbox 228 661 324 677; x_wconf 72' lang='lat' dir='ltr'>auctoritaie</span> <span class='ocrx_word' id='word_1_160' title='bbox 343 660 441 681; x_wconf 85' lang='lat' dir='ltr'>Apostolica</span> <span class='ocrx_word' id='word_1_161' title='bbox 460 665 491 677; x_wconf 84' lang='lat' dir='ltr'>nec</span> <span class='ocrx_word' id='word_1_162' title='bbox 510 660 594 677; x_wconf 83' lang='lat' dir='ltr'>ordinaria</span> <span class='ocrx_word' id='word_1_163' title='bbox 613 660 643 677; x_wconf 83' lang='lat' dir='ltr'>tuit</span> <span class='ocrx_word' id='word_1_164' title='bbox 663 661 769 681; x_wconf 85' lang='lat' dir='ltr'>dispositum.</span> <span class='ocrx_word' id='word_1_165' title='bbox 793 661 859 677; x_wconf 85' lang='lat' dir='ltr'>Deinde</span> <span class='ocrx_word' id='word_1_166' title='bbox 879 661 922 677; x_wconf 85' lang='lat' dir='ltr'>idem</span> 
     </span>
     <span class='ocr_line' id='line_1_21' title="bbox 177 687 923 709; baseline 0 -6"><span class='ocrx_word' id='word_1_167' title='bbox 177 687 253 704; x_wconf 73' lang='lat' dir='ltr'>Pontifex</span> <span class='ocrx_word' id='word_1_168' title='bbox 270 687 330 704; x_wconf 90' lang='lat' dir='ltr'>eodem</span> <span class='ocrx_word' id='word_1_169' title='bbox 348 687 375 703; x_wconf 90' lang='lat' dir='ltr'>die</span> <span class='ocrx_word' id='word_1_170' title='bbox 393 692 415 703; x_wconf 69' lang='lat' dir='ltr'>sc⁴</span> <span class='ocrx_word' id='word_1_171' title='bbox 432 687 456 703; x_wconf 82' lang='lat'>13.</span> <span class='ocrx_word' id='word_1_172' title='bbox 471 687 519 703; x_wconf 86' lang='lat' dir='ltr'>Febr.</span> <span class='ocrx_word' id='word_1_173' title='bbox 535 687 577 703; x_wconf 81' lang='lat'>1344</span> <span class='ocrx_word' id='word_1_174' title='bbox 595 692 625 708; x_wconf 87' lang='lat' dir='ltr'>per</span> <span class='ocrx_word' id='word_1_175' title='bbox 640 687 776 704; x_wconf 81' lang='lat' dir='ltr'>constitutionem</span> <span class='ocrx_word' id='word_1_176' title='bbox 795 688 923 709; x_wconf 76' lang='lat' dir='ltr'>‚Dirigentes</span> 
     </span>
     <span class='ocr_line' id='line_1_22' title="bbox 177 713 924 735; baseline 0 -5"><span class='ocrx_word' id='word_1_177' title='bbox 177 715 256 730; x_wconf 91' lang='lat' dir='ltr'>nostrae</span> <span class='ocrx_word' id='word_1_178' title='bbox 268 714 471 735; x_wconf 81' lang='lat' dir='ltr'>considerationis¹⁴1)</span> <span class='ocrx_word' id='word_1_179' title='bbox 480 714 539 730; x_wconf 90' lang='lat' dir='ltr'>iterum</span> <span class='ocrx_word' id='word_1_180' title='bbox 552 713 590 730; x_wconf 87' lang='lat' dir='ltr'>sibi</span> <span class='ocrx_word' id='word_1_181' title='bbox 603 714 622 730; x_wconf 89' lang='lat' dir='ltr'>et</span> <span class='ocrx_word' id='word_1_182' title='bbox 634 713 680 730; x_wconf 87' lang='lat' dir='ltr'>Sedi</span> <span class='ocrx_word' id='word_1_183' title='bbox 692 713 823 735; x_wconf 82' lang='lat' dir='ltr'>Apostolicae</span> <span class='ocrx_word' id='word_1_184' title='bbox 835 714 924 731; x_wconf 86' lang='lat' dir='ltr'>reservavit</span> 
     </span>
     <span class='ocr_line' id='line_1_23' title="bbox 178 740 923 762; baseline -0.001 -4"><span class='ocrx_word' id='word_1_185' title='bbox 178 741 294 762; x_wconf 72' lang='lat' dir='ltr'>„provisiones</span> <span class='ocrx_word' id='word_1_186' title='bbox 322 740 397 757; x_wconf 91' lang='lat' dir='ltr'>omnium</span> <span class='ocrx_word' id='word_1_187' title='bbox 425 741 441 757; x_wconf 88' lang='lat' dir='ltr'>et</span> <span class='ocrx_word' id='word_1_188' title='bbox 468 741 572 762; x_wconf 84' lang='lat' dir='ltr'>singulamm</span> <span class='ocrx_word' id='word_1_189' title='bbox 600 740 731 761; x_wconf 86' lang='lat' dir='ltr'>patriarchalium</span> <span class='ocrx_word' id='word_1_190' title='bbox 760 741 776 757; x_wconf 86' lang='lat' dir='ltr'>et</span> <span class='ocrx_word' id='word_1_191' title='bbox 802 741 923 762; x_wconf 83' lang='lat' dir='ltr'>episcopalium</span> 
     </span>
     <span class='ocr_line' id='line_1_24' title="bbox 177 766 923 788; baseline 0 -5"><span class='ocrx_word' id='word_1_192' title='bbox 177 768 289 787; x_wconf 85' lang='lat' dir='ltr'>ecclesiarum,</span> <span class='ocrx_word' id='word_1_193' title='bbox 307 767 446 783; x_wconf 73' lang='lat' dir='ltr'>monasteriorum</span> <span class='ocrx_word' id='word_1_194' title='bbox 463 772 530 784; x_wconf 86' lang='lat' dir='ltr'>necnon</span> <span class='ocrx_word' id='word_1_195' title='bbox 545 767 648 788; x_wconf 87' lang='lat' dir='ltr'>prioratuum</span> <span class='ocrx_word' id='word_1_196' title='bbox 667 768 683 783; x_wconf 86' lang='lat' dir='ltr'>et</span> <span class='ocrx_word' id='word_1_197' title='bbox 700 766 775 783; x_wconf 88' lang='lat' dir='ltr'>locorum</span> <span class='ocrx_word' id='word_1_198' title='bbox 788 768 923 784; x_wconf 79' lang='lat' dir='ltr'>conventualium</span> 
     </span>
     <span class='ocr_line' id='line_1_25' title="bbox 176 794 923 815; baseline 0 -5"><span class='ocrx_word' id='word_1_199' title='bbox 176 794 248 810; x_wconf 88' lang='lat' dir='ltr'>virorum</span> <span class='ocrx_word' id='word_1_200' title='bbox 261 794 351 813; x_wconf 83' lang='lat' dir='ltr'>dumtaxat,</span> <span class='ocrx_word' id='word_1_201' title='bbox 364 794 433 810; x_wconf 83' lang='lat' dir='ltr'>abbates</span> <span class='ocrx_word' id='word_1_202' title='bbox 446 794 524 815; x_wconf 82' lang='lat' dir='ltr'>proprios</span> <span class='ocrx_word' id='word_1_203' title='bbox 533 798 563 810; x_wconf 87' lang='lat' dir='ltr'>seu</span> <span class='ocrx_word' id='word_1_204' title='bbox 572 794 666 815; x_wconf 84' lang='lat' dir='ltr'>superiores</span> <span class='ocrx_word' id='word_1_205' title='bbox 675 794 700 810; x_wconf 91' lang='lat' dir='ltr'>sui</span> <span class='ocrx_word' id='word_1_206' title='bbox 709 794 773 810; x_wconf 84' lang='lat' dir='ltr'>ordinis</span> <span class='ocrx_word' id='word_1_207' title='bbox 783 799 818 810; x_wconf 87' lang='lat' dir='ltr'>non</span> <span class='ocrx_word' id='word_1_208' title='bbox 827 794 923 810; x_wconf 76' lang='lat' dir='ltr'>habentium</span> 
     </span>
     <span class='ocr_line' id='line_1_26' title="bbox 176 821 923 843; baseline 0 -5"><span class='ocrx_word' id='word_1_209' title='bbox 176 826 195 838; x_wconf 89' lang='lat' dir='ltr'>ac</span> <span class='ocrx_word' id='word_1_210' title='bbox 218 821 334 843; x_wconf 83' lang='lat' dir='ltr'>principalium</span> <span class='ocrx_word' id='word_1_211' title='bbox 358 821 469 842; x_wconf 88' lang='lat' dir='ltr'>praelatorum</span> <span class='ocrx_word' id='word_1_212' title='bbox 489 826 520 838; x_wconf 83' lang='lat' dir='ltr'>seu</span> <span class='ocrx_word' id='word_1_213' title='bbox 540 822 613 842; x_wconf 82' lang='lat' dir='ltr'>capitum</span> <span class='ocrx_word' id='word_1_214' title='bbox 633 822 711 838; x_wconf 85' lang='lat' dir='ltr'>ordinum</span> <span class='ocrx_word' id='word_1_215' title='bbox 735 826 769 838; x_wconf 88' lang='lat' dir='ltr'>non</span> <span class='ocrx_word' id='word_1_216' title='bbox 794 822 923 838; x_wconf 83' lang='lat' dir='ltr'>mendicantium</span> 
     </span>
     <span class='ocr_line' id='line_1_27' title="bbox 176 847 923 870; baseline 0 -6"><span class='ocrx_word' id='word_1_217' title='bbox 176 853 315 870; x_wconf 86' lang='lat' dir='ltr'>quorumcunque</span> <span class='ocrx_word' id='word_1_218' title='bbox 323 848 339 864; x_wconf 90' lang='lat' dir='ltr'>in</span> <span class='ocrx_word' id='word_1_219' title='bbox 352 847 478 869; x_wconf 86' lang='lat' dir='ltr'>Aquiiegien.</span> <span class='ocrx_word' id='word_1_220' title='bbox 491 849 507 864; x_wconf 90' lang='lat' dir='ltr'>et</span> <span class='ocrx_word' id='word_1_221' title='bbox 516 848 600 865; x_wconf 69' lang='lat' dir='ltr'>Crraden⁴</span> <span class='ocrx_word' id='word_1_222' title='bbox 613 848 749 869; x_wconf 86' lang='lat' dir='ltr'>patriarchatibus</span> <span class='ocrx_word' id='word_1_223' title='bbox 758 853 777 864; x_wconf 92' lang='lat' dir='ltr'>ac</span> <span class='ocrx_word' id='word_1_224' title='bbox 788 848 923 865; x_wconf 85' lang='lat' dir='ltr'>Mediolanen.</span> 
     </span>
     <span class='ocr_line' id='line_1_28' title="bbox 177 874 924 896; baseline 0 -5"><span class='ocrx_word' id='word_1_225' title='bbox 177 875 310 894; x_wconf 80' lang='lat' dir='ltr'>Ravennaten.</span> <span class='ocrx_word' id='word_1_226' title='bbox 326 874 390 891; x_wconf 78' lang='lat' dir='ltr'>Pisan.</span> <span class='ocrx_word' id='word_1_227' title='bbox 404 879 469 891; x_wconf 88' lang='lat' dir='ltr'>necnon</span> <span class='ocrx_word' id='word_1_228' title='bbox 481 875 564 891; x_wconf 87' lang='lat' dir='ltr'>Januen.</span> <span class='ocrx_word' id='word_1_229' title='bbox 579 875 673 891; x_wconf 88' lang='lat' dir='ltr'>civitatibus</span> <span class='ocrx_word' id='word_1_230' title='bbox 685 875 791 891; x_wconf 87' lang='lat' dir='ltr'>dioecesibus</span> <span class='ocrx_word' id='word_1_231' title='bbox 806 876 821 891; x_wconf 87' lang='lat' dir='ltr'>et</span> <span class='ocrx_word' id='word_1_232' title='bbox 833 875 924 896; x_wconf 85' lang='lat' dir='ltr'>provinciis</span> 
     </span>
     <span class='ocr_line' id='line_1_29' title="bbox 176 901 923 923; baseline -0.001 -5"><span class='ocrx_word' id='word_1_233' title='bbox 176 903 192 919; x_wconf 86' lang='lat' dir='ltr'>et</span> <span class='ocrx_word' id='word_1_234' title='bbox 204 902 220 918; x_wconf 94' lang='lat' dir='ltr'>in</span> <span class='ocrx_word' id='word_1_235' title='bbox 233 902 307 923; x_wconf 83' lang='lat' dir='ltr'>partibus</span> <span class='ocrx_word' id='word_1_236' title='bbox 321 901 405 918; x_wconf 86' lang='lat' dir='ltr'>Tusciae</span> <span class='ocrx_word' id='word_1_237' title='bbox 422 901 551 918; x_wconf 85' lang='lat' dir='ltr'>consistentium</span> <span class='ocrx_word' id='word_1_238' title='bbox 565 902 658 918; x_wconf 84' lang='lat' dir='ltr'>vacantium</span> <span class='ocrx_word' id='word_1_239' title='bbox 674 902 699 918; x_wconf 88' lang='lat' dir='ltr'>vel</span> <span class='ocrx_word' id='word_1_240' title='bbox 711 902 832 920; x_wconf 82' lang='lat' dir='ltr'>vacaturorum,</span> <span class='ocrx_word' id='word_1_241' title='bbox 844 901 865 918; x_wconf 91' lang='lat' dir='ltr'>ad</span> <span class='ocrx_word' id='word_1_242' title='bbox 880 906 923 922; x_wconf 86' lang='lat' dir='ltr'>quae</span> 
     </span>
     <span class='ocr_line' id='line_1_30' title="bbox 176 928 923 950; baseline -0.001 -5"><span class='ocrx_word' id='word_1_243' title='bbox 176 929 244 950; x_wconf 87' lang='lat' dir='ltr'>praelati</span> <span class='ocrx_word' id='word_1_244' title='bbox 263 933 292 950; x_wconf 90' lang='lat' dir='ltr'>per</span> <span class='ocrx_word' id='word_1_245' title='bbox 314 928 412 945; x_wconf 75' lang='lat' dir='ltr'>electionem</span> <span class='ocrx_word' id='word_1_246' title='bbox 432 929 545 948; x_wconf 72' lang='lat' dir='ltr'>assumuntury</span> <span class='ocrx_word' id='word_1_247' title='bbox 566 928 587 945; x_wconf 88' lang='lat' dir='ltr'>ad</span> <span class='ocrx_word' id='word_1_248' title='bbox 606 928 708 945; x_wconf 89' lang='lat' dir='ltr'>biennium</span> <span class='ocrx_word' id='word_1_249' title='bbox 724 933 734 944; x_wconf 94' lang='lat' dir='ltr'>a</span> <span class='ocrx_word' id='word_1_250' title='bbox 750 928 787 944; x_wconf 85' lang='lat' dir='ltr'>data</span> <span class='ocrx_word' id='word_1_251' title='bbox 811 928 923 949; x_wconf 86' lang='lat' dir='ltr'>praesentium</span> 
     </span>
     <span class='ocr_line' id='line_1_31' title="bbox 176 955 312 977; baseline -0.007 -5"><span class='ocrx_word' id='word_1_252' title='bbox 176 955 312 977; x_wconf 69' lang='lat' dir='ltr'>computandum⁴</span> 
     </span>
    </p>

    <p class='ocr_par' dir='ltr' id='par_1_4' title="bbox 175 986 924 1194">
     <span class='ocr_line' id='line_1_32' title="bbox 229 986 923 1007; baseline -0.001 -4"><span class='ocrx_word' id='word_1_253' title='bbox 229 987 261 1003; x_wconf 84' lang='lat' dir='ltr'>Sed</span> <span class='ocrx_word' id='word_1_254' title='bbox 274 987 315 1003; x_wconf 80' lang='lat' dir='ltr'>haec</span> <span class='ocrx_word' id='word_1_255' title='bbox 331 986 462 1003; x_wconf 83' lang='lat' dir='ltr'>reservationum</span> <span class='ocrx_word' id='word_1_256' title='bbox 480 986 534 1002; x_wconf 83' lang='lat' dir='ltr'>iorma</span> <span class='ocrx_word' id='word_1_257' title='bbox 551 986 574 1002; x_wconf 86' lang='lat' dir='ltr'>sic</span> <span class='ocrx_word' id='word_1_258' title='bbox 586 986 659 1002; x_wconf 80' lang='lat' dir='ltr'>restricta</span> <span class='ocrx_word' id='word_1_259' title='bbox 676 986 733 1002; x_wconf 83' lang='lat' dir='ltr'>nescio</span> <span class='ocrx_word' id='word_1_260' title='bbox 748 990 781 1007; x_wconf 88' lang='lat' dir='ltr'>qua</span> <span class='ocrx_word' id='word_1_261' title='bbox 793 986 814 1002; x_wconf 89' lang='lat' dir='ltr'>de</span> <span class='ocrx_word' id='word_1_262' title='bbox 826 990 876 1002; x_wconf 86' lang='lat' dir='ltr'>causa</span> <span class='ocrx_word' id='word_1_263' title='bbox 889 990 923 1002; x_wconf 87' lang='lat' dir='ltr'>uno</span> 
     </span>
     <span class='ocr_line' id='line_1_33' title="bbox 175 1012 923 1033; baseline -0.003 -3"><span class='ocrx_word' id='word_1_264' title='bbox 175 1014 239 1030; x_wconf 87' lang='lat' dir='ltr'>tanturn</span> <span class='ocrx_word' id='word_1_265' title='bbox 255 1013 306 1030; x_wconf 91' lang='lat' dir='ltr'>valuit</span> <span class='ocrx_word' id='word_1_266' title='bbox 323 1013 355 1033; x_wconf 69' lang='lat' dir='ltr'>die,</span> <span class='ocrx_word' id='word_1_267' title='bbox 368 1018 406 1029; x_wconf 89' lang='lat' dir='ltr'>nam</span> <span class='ocrx_word' id='word_1_268' title='bbox 424 1013 475 1029; x_wconf 84' lang='lat' dir='ltr'>altero</span> <span class='ocrx_word' id='word_1_269' title='bbox 488 1017 510 1029; x_wconf 87' lang='lat' dir='ltr'>sc.</span> <span class='ocrx_word' id='word_1_270' title='bbox 526 1013 550 1029; x_wconf 86' lang='lat'>14.</span> <span class='ocrx_word' id='word_1_271' title='bbox 563 1013 611 1029; x_wconf 45' lang='lat' dir='ltr'>Febr&gt;</span> <span class='ocrx_word' id='word_1_272' title='bbox 624 1017 638 1029; x_wconf 92' lang='lat' dir='ltr'>e.</span> <span class='ocrx_word' id='word_1_273' title='bbox 651 1017 665 1029; x_wconf 46' lang='lat' dir='ltr'>ar</span> <span class='ocrx_word' id='word_1_274' title='bbox 679 1013 711 1029; x_wconf 92' lang='lat' dir='ltr'>iam</span> <span class='ocrx_word' id='word_1_275' title='bbox 724 1017 768 1028; x_wconf 88' lang='lat' dir='ltr'>nova</span> <span class='ocrx_word' id='word_1_276' title='bbox 781 1012 886 1033; x_wconf 83' lang='lat' dir='ltr'>promulgata</span> <span class='ocrx_word' id='word_1_277' title='bbox 899 1013 923 1029; x_wconf 89' lang='lat' dir='ltr'>est</span> 
     </span>
     <span class='ocr_line' id='line_1_34' title="bbox 175 1039 924 1061; baseline -0.001 -5"><span class='ocrx_word' id='word_1_278' title='bbox 175 1040 276 1059; x_wconf 84' lang='lat' dir='ltr'>constitutio,</span> <span class='ocrx_word' id='word_1_279' title='bbox 293 1044 336 1061; x_wconf 90' lang='lat' dir='ltr'>quae</span> <span class='ocrx_word' id='word_1_280' title='bbox 356 1040 413 1060; x_wconf 83' lang='lat' dir='ltr'>incipit</span> <span class='ocrx_word' id='word_1_281' title='bbox 433 1039 566 1058; x_wconf 79' lang='lat' dir='ltr'>„Sollicitudo</span> <span class='ocrx_word' id='word_1_282' title='bbox 586 1039 725 1060; x_wconf 75' lang='lat' dir='ltr'>pastoralis¹⁴²)</span> <span class='ocrx_word' id='word_1_283' title='bbox 745 1039 779 1055; x_wconf 87' lang='lat' dir='ltr'>duo</span> <span class='ocrx_word' id='word_1_284' title='bbox 797 1039 924 1060; x_wconf 87' lang='lat' dir='ltr'>praenominata</span> 
     </span>
     <span class='ocr_line' id='line_1_35' title="bbox 176 1066 923 1087; baseline -0.001 -4"><span class='ocrx_word' id='word_1_285' title='bbox 176 1067 240 1083; x_wconf 86' lang='lat' dir='ltr'>decreta</span> <span class='ocrx_word' id='word_1_286' title='bbox 257 1067 278 1083; x_wconf 86' lang='lat' dir='ltr'>de</span> <span class='ocrx_word' id='word_1_287' title='bbox 296 1066 390 1083; x_wconf 88' lang='lat' dir='ltr'>cassatione</span> <span class='ocrx_word' id='word_1_288' title='bbox 408 1066 464 1087; x_wconf 88' lang='lat' dir='ltr'>quoad</span> <span class='ocrx_word' id='word_1_289' title='bbox 477 1066 564 1087; x_wconf 87' lang='lat' dir='ltr'>praeterita</span> <span class='ocrx_word' id='word_1_290' title='bbox 582 1067 597 1082; x_wconf 89' lang='lat' dir='ltr'>et</span> <span class='ocrx_word' id='word_1_291' title='bbox 611 1066 632 1082; x_wconf 88' lang='lat' dir='ltr'>de</span> <span class='ocrx_word' id='word_1_292' title='bbox 650 1070 694 1082; x_wconf 88' lang='lat' dir='ltr'>nova</span> <span class='ocrx_word' id='word_1_293' title='bbox 712 1066 823 1082; x_wconf 83' lang='lat' dir='ltr'>reservatione</span> <span class='ocrx_word' id='word_1_294' title='bbox 836 1066 852 1082; x_wconf 87' lang='lat' dir='ltr'>in</span> <span class='ocrx_word' id='word_1_295' title='bbox 865 1070 923 1087; x_wconf 64' lang='lat' dir='ltr'>supra&gt;</span> 
     </span>
     <span class='ocr_line' id='line_1_36' title="bbox 176 1092 923 1114; baseline -0.003 -4"><span class='ocrx_word' id='word_1_296' title='bbox 176 1094 271 1110; x_wconf 81' lang='lat' dir='ltr'>memoratis</span> <span class='ocrx_word' id='word_1_297' title='bbox 290 1093 374 1109; x_wconf 86' lang='lat' dir='ltr'>territoriis</span> <span class='ocrx_word' id='word_1_298' title='bbox 396 1093 504 1114; x_wconf 66' lang='lat' dir='ltr'>amplectens⁴</span> <span class='ocrx_word' id='word_1_299' title='bbox 530 1093 570 1109; x_wconf 90' lang='lat' dir='ltr'>Illud</span> <span class='ocrx_word' id='word_1_300' title='bbox 593 1097 633 1109; x_wconf 90' lang='lat' dir='ltr'>vero</span> <span class='ocrx_word' id='word_1_301' title='bbox 657 1093 725 1113; x_wconf 88' lang='lat' dir='ltr'>speciali</span> <span class='ocrx_word' id='word_1_302' title='bbox 748 1093 788 1109; x_wconf 91' lang='lat' dir='ltr'>nota</span> <span class='ocrx_word' id='word_1_303' title='bbox 805 1092 875 1113; x_wconf 86' lang='lat' dir='ltr'>dignum</span> <span class='ocrx_word' id='word_1_304' title='bbox 893 1093 923 1112; x_wconf 69' lang='lat' dir='ltr'>est,</span> 
     </span>
     <span class='ocr_line' id='line_1_37' title="bbox 176 1119 923 1141; baseline -0.001 -5"><span class='ocrx_word' id='word_1_305' title='bbox 176 1120 222 1141; x_wconf 84' lang='lat' dir='ltr'>quod</span> <span class='ocrx_word' id='word_1_306' title='bbox 234 1120 291 1136; x_wconf 85' lang='lat' dir='ltr'>ultima</span> <span class='ocrx_word' id='word_1_307' title='bbox 304 1120 344 1136; x_wconf 87' lang='lat' dir='ltr'>haec</span> <span class='ocrx_word' id='word_1_308' title='bbox 357 1120 445 1136; x_wconf 89' lang='lat' dir='ltr'>reservatio</span> <span class='ocrx_word' id='word_1_309' title='bbox 464 1119 557 1140; x_wconf 82' lang='lat' dir='ltr'>praedictae</span> <span class='ocrx_word' id='word_1_310' title='bbox 569 1119 692 1136; x_wconf 88' lang='lat' dir='ltr'>constitutionis</span> <span class='ocrx_word' id='word_1_311' title='bbox 705 1124 723 1136; x_wconf 86' lang='lat' dir='ltr'>se</span> <span class='ocrx_word' id='word_1_312' title='bbox 735 1119 807 1135; x_wconf 86' lang='lat' dir='ltr'>extendit</span> <span class='ocrx_word' id='word_1_313' title='bbox 825 1119 845 1135; x_wconf 92' lang='lat' dir='ltr'>ad</span> <span class='ocrx_word' id='word_1_314' title='bbox 864 1124 923 1135; x_wconf 87' lang='lat' dir='ltr'>omnes</span> 
     </span>
     <span class='ocr_line' id='line_1_38' title="bbox 176 1146 923 1167; baseline -0.001 -4"><span class='ocrx_word' id='word_1_315' title='bbox 176 1147 254 1163; x_wconf 84' lang='lat' dir='ltr'>ecclesias</span> <span class='ocrx_word' id='word_1_316' title='bbox 266 1147 368 1163; x_wconf 80' lang='lat' dir='ltr'>cathedrales</span> <span class='ocrx_word' id='word_1_317' title='bbox 380 1147 396 1162; x_wconf 88' lang='lat' dir='ltr'>et</span> <span class='ocrx_word' id='word_1_318' title='bbox 408 1146 529 1167; x_wconf 87' lang='lat' dir='ltr'>collegiatas</span> <span class='ocrx_word' id='word_1_319' title='bbox 548 1151 566 1162; x_wconf 89' lang='lat' dir='ltr'>ac</span> <span class='ocrx_word' id='word_1_320' title='bbox 579 1146 685 1165; x_wconf 87' lang='lat' dir='ltr'>monasteria,</span> <span class='ocrx_word' id='word_1_321' title='bbox 704 1146 790 1167; x_wconf 79' lang='lat' dir='ltr'>prioratus,</span> <span class='ocrx_word' id='word_1_322' title='bbox 808 1146 888 1162; x_wconf 79' lang='lat' dir='ltr'>beneficia</span> <span class='ocrx_word' id='word_1_323' title='bbox 907 1147 923 1162; x_wconf 88' lang='lat' dir='ltr'>et</span> 
     </span>
     <span class='ocr_line' id='line_1_39' title="bbox 175 1172 923 1194; baseline -0.003 -4"><span class='ocrx_word' id='word_1_324' title='bbox 175 1174 212 1190; x_wconf 87' lang='lat' dir='ltr'>loca</span> <span class='ocrx_word' id='word_1_325' title='bbox 224 1174 334 1190; x_wconf 86' lang='lat' dir='ltr'>ecclesiastica</span> <span class='ocrx_word' id='word_1_326' title='bbox 347 1173 457 1189; x_wconf 87' lang='lat' dir='ltr'>saecularia</span> <span class='ocrx_word' id='word_1_327' title='bbox 469 1174 485 1189; x_wconf 89' lang='lat' dir='ltr'>et</span> <span class='ocrx_word' id='word_1_328' title='bbox 499 1173 580 1194; x_wconf 83' lang='lat' dir='ltr'>regularia</span> <span class='ocrx_word' id='word_1_329' title='bbox 593 1174 670 1194; x_wconf 85' lang='lat' dir='ltr'>exempta</span> <span class='ocrx_word' id='word_1_330' title='bbox 682 1174 698 1189; x_wconf 85' lang='lat' dir='ltr'>et</span> <span class='ocrx_word' id='word_1_331' title='bbox 710 1177 744 1189; x_wconf 89' lang='lat' dir='ltr'>non</span> <span class='ocrx_word' id='word_1_332' title='bbox 757 1173 834 1193; x_wconf 83' lang='lat' dir='ltr'>exempta</span> <span class='ocrx_word' id='word_1_333' title='bbox 847 1173 863 1188; x_wconf 95' lang='lat' dir='ltr'>in</span> <span class='ocrx_word' id='word_1_334' title='bbox 876 1172 923 1189; x_wconf 84' lang='lat' dir='ltr'>dictis</span> 
     </span>
    </p>
   </div>
   <div class='ocr_carea' id='block_1_4' title="bbox 177 1214 282 1216">
    <p class='ocr_par' dir='ltr' id='par_1_5' title="bbox 177 1214 282 1216">
     <span class='ocr_line' id='line_1_40' title="bbox 177 1214 282 1216; baseline 0 0"><span class='ocrx_word' id='word_1_335' title='bbox 177 1214 282 1216; x_wconf 95' lang='lat' dir='ltr'> </span> 
     </span>
    </p>
   </div>
   <div class='ocr_carea' id='block_1_5' title="bbox 206 1235 484 1427">
    <p class='ocr_par' dir='ltr' id='par_1_6' title="bbox 206 1235 484 1427">
     <span class='ocr_line' id='line_1_41' title="bbox 207 1235 484 1253; baseline -0.011 -2"><span class='ocrx_word' id='word_1_336' title='bbox 207 1235 218 1253; x_wconf 84' lang='lat'>¹)</span> <span class='ocrx_word' id='word_1_337' title='bbox 228 1236 260 1253; x_wconf 77' lang='lat' dir='ltr'>Reg.</span> <span class='ocrx_word' id='word_1_338' title='bbox 271 1235 300 1249; x_wconf 65' lang='lat' dir='ltr'>Van.</span> <span class='ocrx_word' id='word_1_339' title='bbox 310 1236 319 1249; x_wconf 75' lang='lat' dir='ltr'>r.</span> <span class='ocrx_word' id='word_1_340' title='bbox 330 1235 355 1249; x_wconf 80' lang='lat'>215</span> <span class='ocrx_word' id='word_1_341' title='bbox 365 1235 387 1248; x_wconf 78' lang='lat' dir='ltr'>ror.</span> <span class='ocrx_word' id='word_1_342' title='bbox 398 1235 427 1248; x_wconf 65' lang='lat' dir='ltr'>stu</span> <span class='ocrx_word' id='word_1_343' title='bbox 436 1235 454 1248; x_wconf 73' lang='lat' dir='ltr'>nu</span> <span class='ocrx_word' id='word_1_344' title='bbox 464 1235 484 1248; x_wconf 73' lang='lat' dir='ltr'>is.</span> 
     </span>
     <span class='ocr_line' id='line_1_42' title="bbox 229 1257 361 1271; baseline 0 0"><span class='ocrx_word' id='word_1_345' title='bbox 229 1258 262 1271; x_wconf 71' lang='lat' dir='ltr'>eod.</span> <span class='ocrx_word' id='word_1_346' title='bbox 273 1257 287 1271; x_wconf 77' lang='grc' dir='ltr'>Β.</span> <span class='ocrx_word' id='word_1_347' title='bbox 297 1257 320 1271; x_wconf 74' lang='lat' dir='ltr'>rur.</span> <span class='ocrx_word' id='word_1_348' title='bbox 332 1257 361 1271; x_wconf 73' lang='lat'><strong>123.</strong></span> 
     </span>
     <span class='ocr_line' id='line_1_43' title="bbox 228 1279 372 1293; baseline 0 0"><span class='ocrx_word' id='word_1_349' title='bbox 228 1280 262 1293; x_wconf 74' lang='lat' dir='ltr'>eod.</span> <span class='ocrx_word' id='word_1_350' title='bbox 272 1280 289 1293; x_wconf 92' lang='lat' dir='ltr'>v.</span> <span class='ocrx_word' id='word_1_351' title='bbox 299 1280 321 1293; x_wconf 79' lang='lat' dir='ltr'>ror.</span> <span class='ocrx_word' id='word_1_352' title='bbox 331 1279 372 1293; x_wconf 62' lang='lat' dir='ltr'>eom.</span> 
     </span>
     <span class='ocr_line' id='line_1_44' title="bbox 228 1302 453 1319; baseline -0.004 -4"><span class='ocrx_word' id='word_1_353' title='bbox 228 1302 282 1319; x_wconf 68' lang='lat' dir='ltr'>oepmz</span> <span class='ocrx_word' id='word_1_354' title='bbox 292 1302 300 1315; x_wconf 80' lang='grc' dir='ltr'>ι.</span> <span class='ocrx_word' id='word_1_355' title='bbox 310 1306 320 1315; x_wconf 66' lang='grc' dir='ltr'>ε.</span> <span class='ocrx_word' id='word_1_356' title='bbox 331 1302 364 1315; x_wconf 69' lang='lat' dir='ltr'>nuru</span> <span class='ocrx_word' id='word_1_357' title='bbox 374 1302 391 1315; x_wconf 73' lang='lat' dir='ltr'>ae</span> <span class='ocrx_word' id='word_1_358' title='bbox 401 1302 426 1314; x_wconf 70' lang='lat' dir='ltr'>hae</span> <span class='ocrx_word' id='word_1_359' title='bbox 435 1305 453 1314; x_wconf 69' lang='lat' dir='ltr'>m.</span> 
     </span>
     <span class='ocr_line' id='line_1_45' title="bbox 228 1324 336 1338; baseline -0.009 0"><span class='ocrx_word' id='word_1_360' title='bbox 228 1324 242 1338; x_wconf 79' lang='grc' dir='ltr'>Ρ.</span> <span class='ocrx_word' id='word_1_361' title='bbox 252 1324 278 1338; x_wconf 82' lang='lat' dir='ltr'>vn.</span> <span class='ocrx_word' id='word_1_362' title='bbox 289 1324 306 1337; x_wconf 74' lang='grc' dir='ltr'>ην</span> <span class='ocrx_word' id='word_1_363' title='bbox 315 1324 336 1337; x_wconf 78' lang='lat' dir='ltr'>aa.</span> 
     </span>
     <span class='ocr_line' id='line_1_46' title="bbox 206 1346 403 1364; baseline -0.005 -4"><span class='ocrx_word' id='word_1_364' title='bbox 206 1347 217 1364; x_wconf 65' lang='grc' dir='ltr'>ι)</span> <span class='ocrx_word' id='word_1_365' title='bbox 227 1346 261 1360; x_wconf 74' lang='lat' dir='ltr'>eud.</span> <span class='ocrx_word' id='word_1_366' title='bbox 271 1346 286 1360; x_wconf 55' lang='grc' dir='ltr'>ΒΔ</span> <span class='ocrx_word' id='word_1_367' title='bbox 296 1346 319 1360; x_wconf 70' lang='grc' dir='ltr'>(οι,</span> <span class='ocrx_word' id='word_1_368' title='bbox 330 1346 403 1360; x_wconf 66' lang='lat' dir='ltr'>roa—111.</span> 
     </span>
     <span class='ocr_line' id='line_1_47' title="bbox 228 1368 415 1382; baseline 0 0"><span class='ocrx_word' id='word_1_369' title='bbox 228 1369 263 1382; x_wconf 66' lang='grc' dir='ltr'>οοιιΔ</span> <span class='ocrx_word' id='word_1_370' title='bbox 273 1369 289 1382; x_wconf 68' lang='grc' dir='ltr'>νΔ</span> <span class='ocrx_word' id='word_1_371' title='bbox 299 1369 322 1382; x_wconf 70' lang='grc' dir='ltr'>ῑοι.</span> <span class='ocrx_word' id='word_1_372' title='bbox 332 1368 415 1382; x_wconf 39' lang='lat' dir='ltr'>asemas.</span> 
     </span>
     <span class='ocr_line' id='line_1_48' title="bbox 228 1391 368 1408; baseline 0 -4"><span class='ocrx_word' id='word_1_373' title='bbox 228 1391 282 1408; x_wconf 66' lang='lat' dir='ltr'>oepmz</span> <span class='ocrx_word' id='word_1_374' title='bbox 292 1392 300 1404; x_wconf 71' lang='grc' dir='ltr'>ι,</span> <span class='ocrx_word' id='word_1_375' title='bbox 310 1395 321 1404; x_wconf 73' lang='lat' dir='ltr'>c.</span> <span class='ocrx_word' id='word_1_376' title='bbox 331 1391 368 1404; x_wconf 72' lang='lat' dir='ltr'>nrhn.</span> 
     </span>
     <span class='ocr_line' id='line_1_49' title="bbox 228 1413 336 1427; baseline -0.009 0"><span class='ocrx_word' id='word_1_377' title='bbox 228 1413 242 1427; x_wconf 77' lang='grc' dir='ltr'>Ρ.</span> <span class='ocrx_word' id='word_1_378' title='bbox 252 1413 279 1427; x_wconf 81' lang='lat' dir='ltr'>vu.</span> <span class='ocrx_word' id='word_1_379' title='bbox 289 1413 306 1426; x_wconf 75' lang='lat' dir='ltr'>nu</span> <span class='ocrx_word' id='word_1_380' title='bbox 315 1413 336 1426; x_wconf 68' lang='lat' dir='ltr'>aa.</span> 
     </span>
    </p>
   </div>
  </div>
 </body>
</html>
