1023 1631
502 154 525 169 88

142 207 262 228 probacionern
281 206 406 226 reservacionis,
424 205 534 222 inhibitionis
551 205 568 222 et
585 205 646 222 decreti
663 204 775 226 predictorum
790 204 854 225 ubique
871 203 887 220 in

142 233 205 250 iudicio
228 233 245 250 et
268 233 313 249 extra
335 232 415 249 iudicium
440 231 535 248 taciendam
561 231 630 253 perinde
656 231 755 253 sufficiam)
778 231 795 247 et
816 230 888 250 valeant,

142 259 286 281 quemadmodum
304 259 357 276 littere
374 258 498 280 predecessoris
517 258 592 275 eiusdem
611 258 661 279 plene
675 257 770 274 sufficerent
781 257 798 274 et
809 257 888 277 valerent,

142 287 184 303 sicut
207 286 306 308 premittitur
333 290 383 307 super
410 285 442 302 hiis
468 285 544 302 coniecte
568 285 584 301 et
607 285 643 301 eius
663 284 708 301 bulla
728 284 790 301 bullare
808 284 888 304 fuissent,

142 318 173 330 nec
193 313 213 330 ad
237 313 357 334 probacionem
378 312 475 329 huiusmodi
495 311 564 333 aliquod
584 311 629 328 aliud
649 311 769 328 adminiculum
791 310 888 332 requiratur.

142 340 188 357 Nulli
200 344 240 361 ergo
252 340 282 356 etc.

173 419 184 437 ¹)
194 419 269 433 Amoldus:
278 419 295 433 V.

173 442 184 459 ἵ)
194 442 275 455 Forevilen.:
285 442 301 455 V.

173 464 185 481 θ)
195 464 239 478 deest:
249 464 265 478 v.

173 486 184 504 ⁴)
194 486 235 500 verina
246 486 320 502 „sufficiant
330 486 350 499 et·
361 486 417 499 desunt:
427 485 443 499 v.

500 583 532 603 30.

144 614 177 628 1³4³
186 615 224 628 Febr⁴
234 614 246 628 6.

142 637 176 651 eod<
186 636 201 650 Er
211 636 234 650 toi.
245 637 274 650 121.

185 694 295 716 Reservacio
314 696 333 714 in
351 700 409 720 regno
428 694 489 714 Sicilie
507 695 526 714 et
539 695 591 714 iern's
605 695 641 714 sub
657 694 742 714 dominio
762 693 846 715 Romane

408 730 485 749 ecclesie
499 730 626 750 existentibus.

227 770 316 790 Clemens
331 771 432 795 episcopus
446 771 479 789 etc.
508 769 540 789 Ad
554 770 634 789 futuram
649 771 674 789 rei
689 771 804 790 memoriam.

195 810 247 828 inter
261 811 332 830 cetera,
348 814 385 832 que
400 810 461 827 nostris
477 810 541 827 inducit
556 810 691 827 solicitudinibus
706 810 779 827 officium
797 810 889 832 apostolice

143 838 227 855 servitutis
243 838 264 854 de
276 838 319 856 statu
332 838 378 859 regni
391 837 447 854 Sicilie
460 842 478 854 ac
490 839 569 854 terrarum
586 838 625 854 citra
643 837 701 857 iarum,
719 842 752 859 que
767 837 788 854 de
803 838 861 854 nostro
873 838 889 854 et

144 865 218 883 Romane
231 864 299 881 ecciesie
308 864 370 881 directo
379 864 456 881 dominio
465 864 536 880 existere
544 864 658 883 dinoscuntur.
671 864 688 880 in
700 864 784 885 prosperis
792 864 889 885 dirigantur.

142 891 197 912 gracia
215 892 299 912 prestante
316 891 378 910 divina,
399 891 504 907 successibus
524 895 555 907 nos
573 891 640 907 attentis
660 891 738 907 convenit
755 891 889 912 cogitacionibus

142 918 223 934 meditari.

196 954 245 974 Sane,
264 954 303 975 quia
317 958 352 970 non
370 958 428 975 pamm
446 953 478 970 hiis
497 953 583 975 presertim
599 954 703 975 temporibus
715 958 753 970 esse
765 953 836 970 creditur
847 953 889 970 circa

143 981 175 998 hoc
187 981 295 1002 oportunum,
313 980 359 1002 quod
377 981 394 997 in
412 980 487 997 ecclesiis
503 980 626 997 cathedralibus
642 981 658 997 et
670 980 707 997 aliis
719 980 760 997 locis
773 980 889 997 ecclesiasticis

144 1008 261 1029 solempnibus
281 1007 328 1028 regni
345 1008 361 1024 et
378 1008 456 1023 terrarum
475 1007 585 1028 predictarum
603 1007 660 1028 prelati
673 1008 689 1023 et
701 1007 772 1023 rectores
784 1007 890 1028 preficiantur

143 1039 173 1055 per
190 1034 283 1055 apostolice
301 1034 346 1050 sedis
364 1033 489 1055 providenciam
501 1034 571 1055 ydonei,
589 1034 618 1055 qui
636 1034 710 1050 ecclesiis
728 1034 745 1050 et
764 1033 805 1050 locis
825 1033 889 1050 eisdem

143 1061 237 1082 scientes,¹)
265 1061 340 1077 volentes
363 1061 379 1077 et
403 1060 478 1077 valentes
503 1065 571 1081 preesse
597 1061 657 1077 utiliter
682 1062 697 1077 et
721 1060 807 1082 prodesse,
829 1061 889 1077 statum

143 1088 233 1104 eorundem
247 1088 292 1109 regni
307 1088 323 1104 et
335 1088 413 1104 terrarum
426 1087 499 1103 zelentur
508 1092 612 1108 prosperum.
626 1087 713 1108 pacificum
728 1088 744 1103 et
757 1087 865 1108 tranquillum
874 1088 890 1103 et

143 1114 163 1131 ad
187 1114 325 1131 observacionem
348 1114 402 1130 cultus
425 1114 533 1133 tidelitatis,²)
551 1114 597 1135 pacis
620 1114 637 1130 et
660 1114 724 1130 iusticie
748 1118 788 1130 suos
808 1114 890 1130 instruant

143 1141 220 1157 subditos
232 1142 248 1157 et
260 1141 344 1157 inducant,
367 1140 403 1157 Nos
416 1140 448 1157 hiis
460 1141 475 1157 et
487 1140 525 1157 aliis
538 1141 570 1161 piis
583 1141 598 1157 et
611 1141 659 1157 iustis
671 1141 711 1157 moti
724 1140 890 1157 consideracionibus

143 1168 159 1184 et
173 1167 235 1184 inducti
255 1168 344 1189 habitaque
362 1167 485 1184 deliberacione
503 1171 541 1183 cum
559 1167 628 1183 fratibus
646 1167 708 1183 nostris
726 1172 776 1188 super
794 1167 825 1183 hiis
841 1168 857 1183 et
869 1167 890 1184 de

144 1194 218 1215 ipsorum
236 1194 307 1211 consilio
325 1194 431 1216 provisiones
451 1194 467 1210 et
485 1194 627 1215 disposiciones³)
648 1194 724 1210 omniurn
748 1195 764 1210 et
787 1194 890 1215 singularum

143 1221 249 1237 ecclesiarum
267 1221 385 1237 cathedralium
404 1225 469 1237 necnon
488 1221 627 1237 monasteriorum
645 1221 757 1242 quorumlibet
775 1222 890 1242 exemptorum

145 1248 161 1263 et
182 1252 216 1264 non
240 1248 360 1269 exer-ruptorum.
384 1248 488 1269 preterquam
519 1247 617 1264 monialium
641 1248 657 1264 et
684 1247 752 1264 aliarum
776 1247 891 1268 religiosarum

144 1274 231 1290 mulierum
248 1274 265 1290 in
280 1274 344 1291 eisdem
357 1279 408 1296 regno
421 1275 437 1290 et
449 1274 495 1290 terris
507 1274 638 1291 consistencium
651 1274 672 1291 ad
685 1279 754 1295 presens
766 1274 862 1291 vacancium
875 1275 891 1291 et

145 1301 161 1317 in
174 1301 222 1317 antea
237 1302 351 1317 vacaturorum
370 1305 423 1322 usque
436 1301 456 1317 ad
469 1301 557 1317 biennium
569 1306 578 1317 a
591 1301 629 1317 data
641 1301 745 1322 presencium
758 1301 890 1322 computandum

143 1327 193 1344 nobis
217 1328 233 1344 et
256 1328 292 1344 sedi
316 1328 407 1349 apostolice
430 1328 527 1344 auctoritate
549 1328 642 1349 apostolica
665 1332 778 1347 reservamus.
801 1327 890 1344 districtius

143 1354 238 1371 inhibentes
249 1354 326 1375 capitulis
338 1355 354 1371 et
366 1355 476 1371 conventibus
489 1354 596 1370 ecclesiarum
605 1355 622 1371 et
630 1354 769 1371 monasteriorum
778 1354 890 1375 predictorum

143 1381 159 1397 et
171 1381 212 1400 aliis,
225 1385 296 1401 quorum
309 1381 376 1397 interest
388 1381 414 1397 vel
426 1381 506 1397 interesse
520 1381 580 1402 poterit
592 1381 609 1397 in
623 1381 701 1401 futurum,
713 1385 734 1397 ne
749 1380 769 1397 ad
785 1381 890 1401 electionem.

143 1407 283 1428 postulacionem,
296 1407 432 1424 nominacionem
441 1408 467 1424 vei
475 1408 525 1424 alian-1
535 1412 653 1429 quamcunque
663 1407 777 1429 provisionem
790 1408 890 1429 prelatorum
