1023 1631
864 73 965 105 Ἴ,

523 151 544 166 2θ

160 201 297 223 Apostolicorum
308 202 318 219 i.
327 207 342 219 e.
354 202 537 224 vicecancellarii,¹)
549 203 657 222 camerarii,
669 203 798 223 notariorum,
810 202 911 220 auditoris

161 228 337 249 contradictarum,
351 229 490 249 correctorum,
506 229 628 251 scriptorum
641 229 759 246 Litterarum
772 234 793 246 ac
805 229 909 251 poeniten·

161 255 266 273 tiarlorum
292 255 454 277 Apostolicorum
478 256 497 272 et
523 256 688 273 abbreviatorum
714 256 786 273 Curiae
811 256 911 275 Romanae

160 287 238 299 necnon
250 282 400 304 capellanorum
412 282 577 304 Apostolicorum
589 283 754 300 commensalium
766 283 783 300 et
797 283 911 304 quorumlibet

161 309 231 326 aliorum
249 309 313 326 ratione
325 309 375 326 officii
388 309 414 326 vel
426 314 446 326 ex
461 314 511 326 causa
530 309 605 331 legitima
623 310 640 326 in
653 309 728 328 Romana
741 309 791 326 Curia
803 310 909 330 morantium,

161 336 175 352 si
187 336 204 352 in
222 336 295 357 negotiis
308 335 368 352 Curiae
380 335 465 354 Romanae
480 336 604 357 prosequendis
622 336 709 358 praemissi
727 336 754 353 vel
772 336 865 353 transmissi
883 336 910 353 vel

161 363 179 379 ut
194 362 252 384 Legati
264 362 291 379 vel
302 362 360 379 Nuntii
372 362 441 379 durante
454 362 539 384 legatione
552 367 581 379 seu
593 363 710 384 prosecutione
719 363 794 384 ipsorum
803 363 909 385 negotiorum

160 389 180 405 in
192 389 222 406 vel
235 390 289 406 extra
301 389 381 406 Curiam
393 389 438 406 diem
450 389 531 406 claudunt
543 390 640 406 extremum.

214 420 259 437 Idem
282 420 390 437 coustitutum
419 421 453 437 erat
482 420 503 437 de
527 420 637 442 dignitatibus
660 422 676 437 et
699 421 785 438 beneiiciis
808 421 908 442 supradictis

160 447 309 468 capellanorum
332 446 495 468 Apostolicorum
519 448 691 467 commensalium,
715 448 744 469 qui
766 448 842 469 tempore
860 449 909 465 datae

160 474 272 494 praesentium
284 474 378 490 transmissi
390 474 456 490 inerunt
468 474 565 495 ubicunque
577 475 593 490 et
605 475 702 491 moriuntur.

213 504 285 524 Accedit,
304 505 350 526 quod
369 505 423 526 „apud
441 504 502 521 Sedem
516 504 640 526 Apostolicam“
659 505 763 522 declarantur
780 510 838 522 vacare
853 506 907 525 sedes,

160 531 261 548 monasteria
273 532 289 548 et
301 531 333 548 alia
345 531 427 548 beneficia
439 531 540 552 supradicta,
553 536 596 553 quae
611 532 692 548 vivente
708 532 810 548 Clemente
822 532 841 548 V.
854 537 908 554 usque

160 558 181 574 ad
197 558 233 575 eius
249 558 314 575 obitum
326 558 426 574 vacaverunt
437 558 454 574 in
467 558 518 574 Curia
530 559 594 579 absque
609 558 715 575 ordinatione
730 559 809 580 praedicti
821 559 907 576 Pontiiicis

159 585 176 601 et
191 585 215 601 ab
230 585 290 601 initio
306 585 440 606 pontificatus
455 585 555 601 Johannis
567 585 614 601 XXII.
627 590 681 606 usque
693 585 714 601 ad
726 585 781 601 datam
794 586 906 606 praesentium

159 611 219 628 eodem
236 611 287 628 modo
303 612 370 629 vacant,
388 611 481 628 dummodo
497 611 514 627 in
535 611 559 628 eis
579 612 605 628 ius
621 612 638 628 in
654 616 671 628 re
686 612 724 628 licet
739 611 760 628 ad
776 616 810 628 rem
828 612 868 628 nulli
886 612 907 628 sit

160 638 260 659 quaesitum.

212 669 229 686 In
237 669 272 686 fine
280 674 319 685 vero
329 669 367 685 dicti
374 669 433 690 capitis
442 674 521 690 expresse
529 669 610 689 statuitur,
620 669 702 690 praesenti
709 669 828 686 constitutione
837 669 906 686 decretis

159 700 210 717 super
221 696 253 713 hoc
265 701 274 712 a
287 695 369 717 Gregorio
381 696 400 712 X.
413 701 432 712 ac
444 696 529 712 Bonifatio
541 696 579 712 VIII.
592 697 608 712 et
622 696 659 712 aliis
675 696 848 718 praedecessoribusss)
863 696 906 712 datis

159 723 228 739 eatenus
240 723 304 739 tantum
317 723 392 744 derogari
403 723 495 744 „quatenus
508 723 563 739 edicto
572 723 629 739 essent
637 723 653 739 et
661 724 700 739 sunt
708 723 789 739 contraria
797 724 905 739 memorato&

158 749 225 766 Deinde
247 749 334 766 Johannes
356 749 409 769 xxu„
429 750 458 771 qui
478 750 517 769 iarn,
537 750 555 766 ut
572 754 622 771 supra
642 750 682 770 dixi,
702 749 729 766 die
752 749 777 766 15Δ
797 749 842 771 Sept.
864 750 906 766 1316

158 777 261 793 voluntatem
277 781 324 793 suam
336 776 357 793 de
373 776 477 793 reservandis
489 776 576 793 beneficiis
588 776 687 793 vacantibus
705 781 740 798 per
757 776 905 793 assecutionem

159 803 243 821 alterius
255 803 332 821 beneiicii
344 803 402 825 vigore
414 803 511 821 Litterarum
524 803 659 825 Apostolicarum
671 803 736 821 obtenti
748 803 765 820 in
780 803 844 825 scriptis
853 803 905 825 redigi

159 831 212 851 iussit,
222 831 249 847 die
259 831 284 848 19.
291 831 333 848 Nov.
342 831 384 847 1317
393 836 422 852 per
428 831 554 847 saluberrimam
562 831 578 847 et
588 831 659 847 multum
670 831 756 847 usutritam
763 830 905 850 constitutionem,

159 862 202 879 quae
224 858 281 879 incipit
302 858 447 877 ,Execrabilis“
455 858 469 879 ³)
487 858 599 874 intentionem
624 862 671 874 suam
695 857 787 874 accuratius
805 857 905 878 explanavit.

159 885 242 906 Imprimis
250 889 309 901 omnes
318 885 454 906 dispensationes
460 885 494 901 tam
503 889 512 900 a
522 884 679 905 praedecessoribus
692 884 727 900 suis
736 889 786 905 quam
796 888 805 900 a
813 884 905 905 semetipso

159 911 211 928 iactas
221 916 281 933 „super
289 911 385 932 receptione
395 912 423 928 aut
432 911 525 927 retentione
534 911 606 932 plurium
619 911 725 932 dignitatum,
734 911 859 932 personatuum,
868 910 904 927 offl-

159 938 227 958 ciorum,
246 938 347 959 prioratuum
368 939 396 954 aut
414 938 540 957 beneficiorum,
559 938 621 959 quibus
633 942 671 954 cura
684 938 775 954 animarum
794 937 815 953 sit
829 939 903 953 annexa¹

158 965 280 986 generaliter
297 965 404 984 revocavit,
425 964 467 981 duas
480 965 544 980 tantum
557 964 665 985 exceptiones
678 964 767 980 admittens
787 968 809 980 sc.
829 965 904 985 respectu

158 991 279 1008 beneficiorum
292 991 406 1008 Cardinalium
419 992 434 1007 et
452 991 523 1007 iiliorum
537 995 594 1012 regum
608 991 718 1007 declaratione
731 995 781 1012 super
793 991 824 1007 hoc
837 990 905 1011 insuper

158 1018 226 1035 adiecta.

210 1049 276 1066 Deinde
288 1049 376 1069 ordinavit,
388 1050 406 1065 ut
414 1053 479 1068 omnes,
492 1049 521 1070 qui
530 1049 569 1065 tunc
577 1049 657 1070 temporis
666 1053 686 1065 ex
695 1048 821 1069 dispensatione
829 1048 904 1069 legitima

157 1076 212 1097 plures
224 1076 318 1097 dignitates,
331 1076 436 1097 personatus,
447 1075 502 1092 officia
511 1076 540 1092 aut
550 1075 632 1096 prioratus
641 1080 670 1092 seu
679 1075 760 1092 beneficia
773 1075 904 1096 incompatibilia

157 1103 261 1122 obtinebant,
284 1103 379 1119 tenerentur
402 1102 455 1118 intra
478 1107 567 1118 mensem
590 1107 600 1118 a
623 1103 698 1123 tempore
722 1102 791 1118 notitiae
812 1101 904 1123 praesentis

157 1130 281 1146 constitutionis
305 1130 382 1150 acceptae
407 1129 428 1145 ad
459 1129 557 1150 eligendum
581 1133 640 1145 unum
663 1129 693 1145 vel
714 1133 770 1144 unam
796 1129 860 1144 tantum
884 1133 904 1144 ex

158 1156 273 1177 dignitatibus,
286 1156 409 1177 personatibus,
422 1156 487 1175 oiiiciis,
500 1155 606 1176 prioratibus,
619 1155 694 1172 ecclesiis
706 1155 732 1171 vel
741 1155 832 1174 beneiiciis,
842 1155 903 1176 quibus

157 1187 202 1199 cura
214 1187 278 1199 annexa
291 1183 325 1199 erat
339 1183 436 1202 animarum,
449 1187 486 1199 curn
499 1182 586 1203 dignitate,
605 1182 695 1203 personatu
707 1182 733 1198 vel
745 1182 806 1205 officio,
825 1182 903 1203 prioratu,

188 1236 199 1253 1)
209 1236 229 1250 cr.
239 1236 281 1254 rang1
291 1236 299 1249 1.
309 1240 320 1249 e.
330 1240 343 1253 ρ.
353 1236 393 1249 xxiv
403 1240 423 1253 sq.

188 1258 199 1275 ἵ)
209 1258 244 1272 eod.
254 1258 269 1272 Β.
279 1258 292 1272 et
302 1258 318 1272 V.
327 1258 397 1271 nominant
407 1258 446 1271 etiarn
457 1257 541 1271 Clementem
552 1257 572 1271 1v.

188 1280 198 1297 ¹)
208 1284 219 1294 c.
230 1284 252 1294 un.
262 1280 279 1294 de
289 1281 334 1297 praetr.
343 1280 355 1294 3.
366 1281 380 1293 ln
389 1280 442 1294 Extrav.
451 1280 482 1293 Joh.
493 1280 531 1293 xxu.
541 1286 556 1291 z

209 1307 220 1316 c.
230 1303 242 1316 4.
253 1303 266 1316 in
276 1303 329 1316 Βίην.
339 1302 391 1316 Comm.
402 1302 420 1316 III.
430 1302 442 1316 2.

209 1325 243 1339 Cod.
253 1325 268 1338 B.
278 1325 308 1341 274,
318 1324 347 1338 275.

209 1347 243 1361 eod.
254 1347 279 1362 Vl,
289 1347 308 1364 (II.
318 1347 332 1360 F.
342 1347 363 1360 29.
372 1347 414 1364 Vrat.)
426 1346 449 1360 tol.
458 1347 489 1361 34⁸.

209 1369 230 1383 De
240 1370 284 1383 tausis
293 1369 337 1383 dictae
347 1369 446 1382 constitutionis
456 1373 483 1382 non
493 1370 523 1382 sine
534 1369 585 1382 iniuriis
598 1369 611 1382 et
621 1369 705 1382 contumeliis
718 1370 764 1382 contra
776 1369 851 1382 Iohannem
864 1369 901 1382 xxn.

156 1391 215 1409 mpura:
230 1391 304 1405 nmmum
314 1392 322 1405 ι,
332 1395 343 1405 c.
353 1391 371 1405 ιιι.
382 1395 394 1409 p.
406 1391 434 1405 131.
445 1391 498 1405 eonion
508 1391 517 1405 1.
527 1395 538 1405 c.
553 1391 578 1404 noc
593 1392 632 1408 capul
642 1395 649 1404 e
659 1391 724 1408 Regi-sins
733 1391 806 1405 conusens
820 1391 865 1404 adnue
874 1395 901 1404 non

155 1414 233 1431 publicavit.
