3720 5932
898 321 959 380 107

182 528 405 609 mencionem,
436 547 569 595 necnon
588 527 780 615 privilegiis,
806 527 1030 613 indulgenciis
1055 527 1087 593 et
1109 525 1225 592 litteris
1248 524 1443 610 apostolicis
1472 523 1673 609 specialibus

183 637 236 703 vel
261 636 475 721 generalibus
500 655 537 703 ac
560 634 862 702 consuetudinibus
887 638 918 701 et
942 633 1180 711 observanciis,
1205 631 1346 716 scriptis,
1383 633 1415 696 et
1437 649 1507 696 non
1533 630 1672 716 scriptis,

182 743 354 810 contrariis
394 744 662 829 quibuscunque,
702 760 761 827 per
799 760 865 827 que
902 744 1017 808 contra
1052 739 1215 826 premissa
1249 737 1302 803 vel
1338 755 1453 803 eorum
1478 737 1590 822 aliqua
1614 754 1673 803 seu
1724 762 1731 774 ·

182 849 320 935 aliquod
345 852 487 935 possent
512 849 770 935 quomodolibet
794 868 830 915 se
854 849 947 929 tueri,
984 866 1049 934 que
1075 845 1187 933 quoad
1217 846 1278 911 bec
1301 863 1484 923 cassamus,
1509 845 1673 910 initamus

131 1008 137 1021 .
182 958 215 1022 et
238 956 387 1023 tollimus
422 975 460 1023 ac
483 957 610 1023 viribus
634 974 825 1022 vacuamus.
880 956 948 1022 Eos
985 956 1132 1040 insuper,
1169 953 1225 1038 qui
1256 951 1449 1018 huiusmodi
1485 952 1673 1018 sentencias

183 1082 242 1149 per
264 1081 328 1130 nos
357 1063 439 1130 latas
464 1064 666 1142 incurrerint,
691 1063 813 1142 nullus,
838 1063 902 1128 nisi
927 1062 1280 1128 dumtaxat-romanus
1316 1058 1466 1144 pontifex
1501 1059 1674 1125 absolvere

182 1171 300 1249 valeat,
336 1173 546 1256 preterquam
582 1171 616 1236 in
652 1171 767 1236 mortis
803 1170 940 1236 articulo
980 1170 1192 1236 constitutos.
1258 1165 1303 1233 Ut
1337 1168 1447 1232 autem
1482 1165 1675 1232 huiusmodi

183 1277 287 1343 nostri
323 1295 501 1362 processus
537 1277 578 1343 ad
614 1294 829 1343 communem
866 1276 1020 1343 omnium
1045 1276 1201 1342 noticiam
1226 1273 1440 1354 deducantur,
1476 1276 1580 1340 cartas
1605 1275 1675 1340 sive

183 1385 405 1464 membranas,
442 1402 620 1468 processus
655 1384 874 1450 continentes
903 1382 1053 1462 eosdem,
1089 1383 1232 1449 maiores
1268 1380 1407 1448 ecclesie
1435 1380 1675 1446 Avinionensis

184 1490 330 1575 appendi
355 1490 408 1556 vel
432 1490 524 1576 alfigi
549 1491 645 1556 ostiis
670 1491 742 1556 sive
767 1489 1267 1575 superliminaribusfaciemus,
1293 1506 1358 1573 que
1376 1506 1554 1572 processus
1569 1488 1674 1573 ipsos

185 1616 247 1664 suo
262 1598 358 1681 quasi
372 1615 497 1664 sonoro
515 1598 675 1682 preconio
693 1601 725 1663 et
738 1597 853 1682 patulo
871 1596 995 1664 iudicio
1013 1597 1241 1682 publicabunt,
1266 1598 1302 1661 ut
1318 1596 1374 1675 hii,
1392 1613 1479 1681 quos
1496 1612 1675 1680 processus

183 1704 392 1789 contigerint,
439 1704 564 1770 nullam
612 1705 744 1790 possint
789 1705 1045 1771 excusacionem
1100 1702 1295 1789 pretendere
1346 1702 1399 1768 vel
1446 1702 1675 1788 ignoranciam

185 1810 337 1896 allegare,
371 1810 463 1895 quod
494 1811 536 1877 ad
562 1829 622 1877 eos
647 1828 716 1877 non
741 1812 951 1895 pervenerint
973 1811 1026 1876 vel
1051 1810 1142 1896 quod
1167 1809 1393 1895 ignoraverint
1415 1808 1564 1888 eosdem,
1599 1826 1675 1875 cunr

185 1935 254 1983 non
286 1918 327 1982 sit
354 1918 534 1983 verisimile
560 1917 671 2002 quoad
697 1936 756 1984 eos
781 1936 951 1984 remanere
975 1918 1183 2003 incognitum
1207 1918 1260 1983 vel
1289 1916 1466 1996 occultum,
1492 1916 1583 2001 quod
1608 1919 1675 1983 tam

187 2027 337 2110 patenter
360 2025 518 2090 omnibus
543 2024 739 2110 publicatur.
786 2024 876 2090 Nulli
902 2042 982 2110 ergo
1007 2027 1065 2091 etc.

292 2149 416 2215 Datum
441 2151 474 2214 et
497 2147 615 2215 Actum
639 2147 806 2216 Avinione
831 2149 877 2214 lll.
903 2149 966 2215 kal.
991 2148 1115 2235 Aprilis
1140 2169 1167 2217 a.
1194 2150 1313 2236 prim0.

901 2452 964 2533 53.

186 2575 257 2630 1370
274 2574 338 2631 Julii
360 2576 403 2633 29.

184 2666 251 2736 Reg.
270 2666 331 2721 Vat.
351 2668 369 2722 t.
389 2666 442 2722 250
460 2666 506 2720 fol.
528 2664 624 2726 132t0.

633 2845 694 2925 Ad
722 2848 883 2925 trituram
913 2851 963 2925 rei
992 2852 1223 2926 memoriam.

292 3003 439 3086 Dudum,
475 3007 609 3072 cumin
636 3006 726 3074 Urbe
761 3008 929 3073 constituti
965 3026 1128 3086 essemus,
1163 3007 1318 3073 videlicet
1348 3006 1425 3073 Vlll.
1452 3007 1527 3073 ldus
1561 3008 1677 3074 Marcii

185 3111 398 3196 pontificatus
415 3115 520 3178 nostri
537 3132 626 3180 anno
645 3117 749 3194 sexto,
767 3132 886 3181 omnes
904 3114 1094 3199 dignitates,
1113 3116 1311 3199 personatus
1328 3117 1359 3180 et
1375 3114 1484 3180 officia
1501 3118 1676 3199 ceteraque

186 3217 351 3285 beneficia
387 3219 610 3286 ecclesiastica
647 3222 806 3287 secularia
842 3223 873 3287 et
901 3221 1064 3306 regularia
1087 3239 1162 3287 cum
1187 3240 1264 3287 cura
1288 3223 1319 3287 et
1343 3222 1415 3287 sine
1439 3239 1515 3287 cura
1539 3224 1618 3288 tunc
1642 3223 1676 3288 in

187 3324 310 3409 prefata
334 3325 424 3392 Urbe
454 3327 775 3412 quomodocumque
809 3328 964 3394 vacancia
1001 3330 1032 3393 et
1068 3329 1101 3392 in
1136 3330 1233 3394 antea
1264 3330 1417 3394 vacatura
1445 3328 1620 3394 collacioni
1645 3331 1677 3394 et

187 3430 406 3515 disposicioni
446 3436 558 3500 nostre
598 3437 814 3514 reservantes
859 3434 1065 3500 decrevimus
1108 3438 1229 3500 extunc
1264 3435 1388 3500 irritum
1420 3438 1453 3500 et
1476 3435 1575 3501 inane
1601 3487 1608 3502 .
1635 3487 1675 3502 ..

185 3540 381 3623 attemptari.

290 3663 389 3729 Nunc
412 3682 501 3743 vero,
534 3684 574 3730 ex
597 3665 693 3730 certis
725 3666 983 3732 racionabilibus
1007 3667 1117 3731 causis
1142 3666 1182 3732 ad
1209 3666 1241 3731 id
1266 3669 1416 3732 nostrum
1442 3666 1676 3734 inducentibus

189 3768 349 3850 animum,
386 3771 580 3837 huiusmodi
616 3774 878 3838 reservacionem
915 3775 947 3838 et
977 3771 1143 3839 decretum
1181 3774 1292 3857 quoad
1316 3774 1478 3840 beneficia
1505 3774 1675 3839 titulorum

187 3876 404 3942 cardinalium
429 3881 541 3943 sancte
566 3878 716 3951 Romane
742 3880 879 3946 ecclesie
903 3881 935 3944 et
958 3880 1157 3964 capellarum
1176 3880 1345 3965 papalium
1371 3880 1550 3959 dumtaxat,
1580 3880 1677 3947 solita

189 4001 247 4068 per
262 3984 419 4050 vicarium
441 3987 591 4060 nostrum
612 3987 650 4057 ‚in
676 3987 903 4070 spiritualibus
928 3987 961 4051 in
979 3984 1069 4053 Urbe
1086 3986 1231 4071 predicta
1252 3986 1401 4066 conferri,
1426 3987 1459 4052 in
1484 3987 1569 4053 dicta
1587 3987 1677 4054 Urbe

188 4088 229 4154 ad
255 4109 393 4174 presens
410 4092 565 4158 vacancia
590 4094 621 4156 ef
645 4111 711 4176 que
736 4093 953 4177 imposterum
973 4093 1097 4159 ibidem
1115 4112 1231 4159 vacare
1248 4094 1457 4178 contigerint,
1482 4112 1677 4161 revocamus

187 4215 358 4262 cassamus
383 4200 414 4262 et
439 4199 601 4264 irritamus
631 4218 668 4265 ac
697 4200 820 4265 nullius
850 4218 924 4265 esse
955 4199 1162 4266 decrevimus
1191 4201 1320 4267 roboris
1350 4201 1401 4266 vel
1434 4203 1605 4286 momenti,
1635 4205 1676 4281 et,

188 4321 230 4368 ne
254 4302 296 4368 de
313 4303 506 4370 huiusmodi
523 4307 750 4386 revocacione,
775 4308 979 4386 cassacione‚
1008 4308 1193 4373 irritacione
1218 4326 1255 4374 ac
1279 4308 1409 4374 decreto
1431 4310 1553 4376 nostris
1570 4310 1677 4375 valeat

188 4409 405 4494 imposterum
432 4413 575 4491 hesitari,
601 4432 639 4478 ea
662 4413 802 4480 lecimus
830 4415 1041 4498 presentibus
1066 4415 1227 4480 annotari.
1274 4414 1364 4481 Nulli
1390 4433 1470 4500 ergo
1494 4420 1555 4482 etc.

294 4535 416 4600 Datum
443 4536 531 4620 apud
555 4538 708 4605 Mentem
732 4538 914 4604 flasconem
941 4538 990 4604 lV.
1016 4539 1079 4604 lral.
1105 4538 1246 4621 Augusti
1272 4558 1300 4604 a.
1325 4541 1454 4607 octavo.
